
  <marc:record>
    <marc:leader>01035 am a  001693u     </marc:leader>
    <marc:datafield tag="042" ind1=" " ind2=" ">
      <marc:subfield code="a">dc</marc:subfield>
    </marc:datafield>
    <marc:datafield tag="100" ind1="1" ind2="0">
      <marc:subfield code="a">GADU, Programa</marc:subfield>
      <marc:subfield code="e">author</marc:subfield>
    </marc:datafield>
    <marc:datafield tag="245" ind1="0" ind2="0">
      <marc:subfield code="a">Conferencias: Andrea Giunta - Ana Falú - Natalia Czytajlo - Programa GADU - Cecilia Varela - Proyecto Preservativo para Vulvas</marc:subfield>
    </marc:datafield>
    <marc:datafield tag="260" ind1=" " ind2=" ">
      <marc:subfield code="b">Universidad de Buenos Aires. Facultad de Arquitectura, Diseño y Urbanismo. Instituto de la Espacialidad Humana. Programa GADU, </marc:subfield>
      <marc:subfield code="c">2024-05-08.</marc:subfield>
    </marc:datafield>
    <marc:datafield tag="500" ind1=" " ind2=" ">
      <marc:subfield code="a">https://publicacionescientificas.fadu.uba.ar/index.php/GADU/article/view/2528</marc:subfield>
    </marc:datafield>
    <marc:datafield tag="540" ind1=" " ind2=" ">
      <marc:subfield code="a">Derechos de autor 2024 GADU: Género, Arquitectura, Diseño y Urbanismo</marc:subfield>
    </marc:datafield>
    <marc:datafield tag="546" ind1=" " ind2=" ">
      <marc:subfield code="a">spa</marc:subfield>
    </marc:datafield>
    <marc:datafield tag="655" ind1="7" ind2=" ">
      <marc:subfield code="a">info:eu-repo/semantics/article</marc:subfield>
      <marc:subfield code="2">local</marc:subfield>
    </marc:datafield>
    <marc:datafield tag="655" ind1="7" ind2=" ">
      <marc:subfield code="a">info:eu-repo/semantics/publishedVersion</marc:subfield>
      <marc:subfield code="2">local</marc:subfield>
    </marc:datafield>
    <marc:datafield tag="786" ind1="0" ind2=" ">
      <marc:subfield code="n">GADU: Género, Arquitectura, Diseño y Urbanismo; Núm. 001 (2022): Actas GADU 2022</marc:subfield>
    </marc:datafield>
    <marc:datafield tag="787" ind1="0" ind2=" ">
      <marc:subfield code="n">https://publicacionescientificas.fadu.uba.ar/index.php/GADU/article/view/2528/2667</marc:subfield>
    </marc:datafield>
    <marc:datafield tag="856" ind1="4" ind2="1">
      <marc:subfield code="u">https://repositoriouba.sisbi.uba.ar/gsdl/cgi-bin/library.cgi?a=d&amp;c=gadu&amp;d=2528_oai</marc:subfield>
      <marc:subfield code="z">Connect to this object online.</marc:subfield>
    </marc:datafield>
  </marc:record>