
  <marc:record>
    <marc:leader>03229 am a  002533u     </marc:leader>
    <marc:datafield tag="042" ind1=" " ind2=" ">
      <marc:subfield code="a">dc</marc:subfield>
    </marc:datafield>
    <marc:datafield tag="100" ind1="1" ind2="0">
      <marc:subfield code="a">ALCALDE, Micaela</marc:subfield>
      <marc:subfield code="e">author</marc:subfield>
    </marc:datafield>
    <marc:datafield tag="245" ind1="0" ind2="0">
      <marc:subfield code="a">De la Economía del Cuidado a una Economía del Cuidado Urbana: Visualización de complejidades y armado de nuevas categorías</marc:subfield>
    </marc:datafield>
    <marc:datafield tag="260" ind1=" " ind2=" ">
      <marc:subfield code="b">Universidad de Buenos Aires. Facultad de Arquitectura, Diseño y Urbanismo. Instituto de la Espacialidad Humana. Programa GADU, </marc:subfield>
      <marc:subfield code="c">2024-05-22.</marc:subfield>
    </marc:datafield>
    <marc:datafield tag="500" ind1=" " ind2=" ">
      <marc:subfield code="a">https://publicacionescientificas.fadu.uba.ar/index.php/GADU/article/view/2605</marc:subfield>
    </marc:datafield>
    <marc:datafield tag="520" ind1=" " ind2=" ">
      <marc:subfield code="a">Los entornos urbanos son el escenario en el que desarrollamos nuestras vidas cotidianas. Estos territorios se organizan a través de una estructura que está definida por valores de una sociedad capitalista. Debido a su influencia en la producción del espacio, determinadas actividades son consideradas “más importantes” que otras, generando un modelo económico y social inequitativo. Es así como prevalecen ciertos usos, dedicándole a unos, más espacio, mejores localizaciones y conectividad que a otros. Podemos decir que esta configuración se corresponde a una división de estereotipos sexuales-biológicos del trabajo donde existe una dicotomía artificial entre lo público-privado y cis-masculino-cis-femenino: ambos en un sistema binario sin más diversidades. Esta investigación se centra en analizar cualitativamente realidades complejas que impactan en la economía urbana del cuidado, pero no son valoradas en la economía urbana clásica. Aspectos como la movilidad, los tiempos de viaje, la denominación del trabajo y las categorías marginadas que pertenecen a colectivos de disidencias. Se vuelve fundamental profundizar sobre la existencia de estereotipos que otorgan a mujeres cisgénero unas “cualidades especiales” para los cuidados a partir de las diferencias biológicas y excluyen a otros géneros. Del mismo modo, se busca situar los cuidados como una actividad social que supera el paradigma de familia nuclear heteronormativa, ya que existen diversidad de modelos que sostienen relaciones afectivas y miradas colectivas. Finalmente, se plantean posibles estrategias para implementar en planificación urbana relacionado con sistemas de transporte y producción de espacios más equitativos, con inclusión en tareas de cuidado y bienestar colectivo. Se indaga sobre la divulgación de estos instrumentos de perspectiva de género como concepto imprescindible para visibilizar estas dimensiones y generar cambios a futuro.</marc:subfield>
    </marc:datafield>
    <marc:datafield tag="540" ind1=" " ind2=" ">
      <marc:subfield code="a">Derechos de autor 2024 GADU: Género, Arquitectura, Diseño y Urbanismo</marc:subfield>
    </marc:datafield>
    <marc:datafield tag="546" ind1=" " ind2=" ">
      <marc:subfield code="a">spa</marc:subfield>
    </marc:datafield>
    <marc:datafield tag="690" ind1=" " ind2=" ">
      <marc:subfield code="a">Economía del cuidado</marc:subfield>
    </marc:datafield>
    <marc:datafield tag="690" ind1=" " ind2=" ">
      <marc:subfield code="a">Movilidad</marc:subfield>
    </marc:datafield>
    <marc:datafield tag="690" ind1=" " ind2=" ">
      <marc:subfield code="a">Categorías</marc:subfield>
    </marc:datafield>
    <marc:datafield tag="690" ind1=" " ind2=" ">
      <marc:subfield code="a">Políticas Públicas</marc:subfield>
    </marc:datafield>
    <marc:datafield tag="690" ind1=" " ind2=" ">
      <marc:subfield code="a">Visibilizar</marc:subfield>
    </marc:datafield>
    <marc:datafield tag="655" ind1="7" ind2=" ">
      <marc:subfield code="a">info:eu-repo/semantics/article</marc:subfield>
      <marc:subfield code="2">local</marc:subfield>
    </marc:datafield>
    <marc:datafield tag="655" ind1="7" ind2=" ">
      <marc:subfield code="a">info:eu-repo/semantics/publishedVersion</marc:subfield>
      <marc:subfield code="2">local</marc:subfield>
    </marc:datafield>
    <marc:datafield tag="655" ind1="7" ind2=" ">
      <marc:subfield code="a">info:ar-repo/semantics/articulo</marc:subfield>
      <marc:subfield code="2">local</marc:subfield>
    </marc:datafield>
    <marc:datafield tag="786" ind1="0" ind2=" ">
      <marc:subfield code="n">GADU: Género, Arquitectura, Diseño y Urbanismo; Núm. 001 (2022): Actas GADU 2022</marc:subfield>
    </marc:datafield>
    <marc:datafield tag="787" ind1="0" ind2=" ">
      <marc:subfield code="n">https://publicacionescientificas.fadu.uba.ar/index.php/GADU/article/view/2605/2748</marc:subfield>
    </marc:datafield>
    <marc:datafield tag="856" ind1="4" ind2="1">
      <marc:subfield code="u">https://repositoriouba.sisbi.uba.ar/gsdl/cgi-bin/library.cgi?a=d&amp;c=gadu&amp;d=2605_oai</marc:subfield>
      <marc:subfield code="z">Connect to this object online.</marc:subfield>
    </marc:datafield>
  </marc:record>