
  <marc:record>
    <marc:leader>02572 am a  001933u     </marc:leader>
    <marc:datafield tag="042" ind1=" " ind2=" ">
      <marc:subfield code="a">dc</marc:subfield>
    </marc:datafield>
    <marc:datafield tag="100" ind1="1" ind2="0">
      <marc:subfield code="a">Mocha Celis</marc:subfield>
      <marc:subfield code="e">author</marc:subfield>
    </marc:datafield>
    <marc:datafield tag="245" ind1="0" ind2="0">
      <marc:subfield code="a">Resistencias travestis, trans y no binarias en la educación: recontextualización de los espacios educativos desde la experiencia del Bachillerato Popular Travesti Trans Mocha Celis</marc:subfield>
    </marc:datafield>
    <marc:datafield tag="260" ind1=" " ind2=" ">
      <marc:subfield code="b">Universidad de Buenos Aires. Facultad de Arquitectura, Diseño y Urbanismo. Instituto de la Espacialidad Humana. Programa GADU, </marc:subfield>
      <marc:subfield code="c">2024-05-22.</marc:subfield>
    </marc:datafield>
    <marc:datafield tag="500" ind1=" " ind2=" ">
      <marc:subfield code="a">https://publicacionescientificas.fadu.uba.ar/index.php/GADU/article/view/2615</marc:subfield>
    </marc:datafield>
    <marc:datafield tag="520" ind1=" " ind2=" ">
      <marc:subfield code="a">En la Mocha nos dedicamos a promover la igualdad de derechos y oportunidades de las personas travestis, trans y no binarias de manera integral. La Mocha Celis se fundó en el año 2011 con el Bachillerato Popular Travesti-Trans Mocha Celis. Es así como, previo a nuestro funcionamiento como Asociación Civil, contamos con una inserción territorial y una trayectoria socioeducativa que se remonta a diez años.  Buscamos co-crear un nuevo mundo donde no existan las barreras estructurales que enfrenta la comunidad TTNB hoy en día. En Argentina, las personas travestis, trans y no binarias viven constantemente la discriminación, atraviesan la expulsión temprana de sus hogares, del sistema educativo, de salud y el mercado laboral. Los datos son alarmantes.  Por esta realidad que nuestro abordaje es integral. Entendemos que, para garantizar derechos, todas estas problemáticas deben ser abordadas en su conjunto. Así tejemos otros destinos: con menos violencias y más oportunidades.  Una escuela para adolescentes y adultes con la misión de garantizar el acceso al derecho a la educación para las personas travestis, trans y no binarias.  Fue el primer Bachillerato Travesti-Trans en el mundo: hoy es un espacio de referencia que inspiró la creación de programas similares en más de 15 provincias argentinas y en países de Latinoamérica y el Caribe como Brasil, Chile, Costa Rica y Paraguay.</marc:subfield>
    </marc:datafield>
    <marc:datafield tag="540" ind1=" " ind2=" ">
      <marc:subfield code="a">Derechos de autor 2024 GADU: Género, Arquitectura, Diseño y Urbanismo</marc:subfield>
    </marc:datafield>
    <marc:datafield tag="546" ind1=" " ind2=" ">
      <marc:subfield code="a">spa</marc:subfield>
    </marc:datafield>
    <marc:datafield tag="655" ind1="7" ind2=" ">
      <marc:subfield code="a">info:eu-repo/semantics/article</marc:subfield>
      <marc:subfield code="2">local</marc:subfield>
    </marc:datafield>
    <marc:datafield tag="655" ind1="7" ind2=" ">
      <marc:subfield code="a">info:eu-repo/semantics/publishedVersion</marc:subfield>
      <marc:subfield code="2">local</marc:subfield>
    </marc:datafield>
    <marc:datafield tag="655" ind1="7" ind2=" ">
      <marc:subfield code="a">info:ar-repo/semantics/articulo</marc:subfield>
      <marc:subfield code="2">local</marc:subfield>
    </marc:datafield>
    <marc:datafield tag="786" ind1="0" ind2=" ">
      <marc:subfield code="n">GADU: Género, Arquitectura, Diseño y Urbanismo; Núm. 001 (2022): Actas GADU 2022</marc:subfield>
    </marc:datafield>
    <marc:datafield tag="787" ind1="0" ind2=" ">
      <marc:subfield code="n">https://publicacionescientificas.fadu.uba.ar/index.php/GADU/article/view/2615/2758</marc:subfield>
    </marc:datafield>
    <marc:datafield tag="856" ind1="4" ind2="1">
      <marc:subfield code="u">https://repositoriouba.sisbi.uba.ar/gsdl/cgi-bin/library.cgi?a=d&amp;c=gadu&amp;d=2615_oai</marc:subfield>
      <marc:subfield code="z">Connect to this object online.</marc:subfield>
    </marc:datafield>
  </marc:record>