
  <marc:record>
    <marc:leader>03108 am a  002533u     </marc:leader>
    <marc:datafield tag="042" ind1=" " ind2=" ">
      <marc:subfield code="a">dc</marc:subfield>
    </marc:datafield>
    <marc:datafield tag="100" ind1="1" ind2="0">
      <marc:subfield code="a">CECCONI, Rafaela</marc:subfield>
      <marc:subfield code="e">author</marc:subfield>
    </marc:datafield>
    <marc:datafield tag="700" ind1="1" ind2="0">
      <marc:subfield code="a">DE OLIVEIRA TORRES CARRASCO, André</marc:subfield>
      <marc:subfield code="e">author</marc:subfield>
    </marc:datafield>
    <marc:datafield tag="245" ind1="0" ind2="0">
      <marc:subfield code="a">Conflitos de genero e a produção do espaço habitado</marc:subfield>
    </marc:datafield>
    <marc:datafield tag="260" ind1=" " ind2=" ">
      <marc:subfield code="b">Universidad de Buenos Aires. Facultad de Arquitectura, Diseño y Urbanismo. Instituto de la Espacialidad Humana. Programa GADU, </marc:subfield>
      <marc:subfield code="c">2024-05-21.</marc:subfield>
    </marc:datafield>
    <marc:datafield tag="500" ind1=" " ind2=" ">
      <marc:subfield code="a">https://publicacionescientificas.fadu.uba.ar/index.php/GADU/article/view/2586</marc:subfield>
    </marc:datafield>
    <marc:datafield tag="520" ind1=" " ind2=" ">
      <marc:subfield code="a">Visto o descompasso entre a complexidade dos conflitos de gênero e a urgente demanda pela produção de uma cidade dita inclusiva, o presente trabalho consiste em um ensaio projetual que busca questionar criticamente a produção urbana e arquitetônica vigente a partir de uma perspectiva feminista. Através de uma abordagem audiovisual, apresenta o processo de projeto de uma habitação coletiva que busca explorar alternativas projetuais que reivindiquem o protagonismo da mulher na produção e apropriação dos espaços em um contexto culturalmente patriarcal, hierárquico e misógino no centro da cidade de Pelotas, localizada no extremo sul do Brasil. Tendo como objetivo estabelecer um confronto às normativas dominantes, o trabalho toma como base a obra de autoras como Denise Hayden, Diana Agrest, Jane Jacobs, Jan Gehl, Henri Lefebvre, Zaida Muxí, institutos de pesquisa como Lab Cidade e Think Olga, entre outros. O projeto em questão e a obra audiovisual dele derivado refletem sobre a incompatível e tendenciosa neutralidade observada na concepção do espaço habitado a partir de um usuário e de um programa de necessidades pretensamente universais, mas essencialmente masculinos, desenvolvendo-se a partir de três eixos: acesso à moradia, trabalho doméstico e produtivo e violência contra a mulher. Tendo como premissa atender diferentes modos de vida e configurações familiares, espaços coletivos e integrados que possibilitem uma vizinhança afetiva e cooperativa, o programa de necessidades costura os três eixos em três diferentes escalas de projeto, que vão desde o desenho urbano até o centro da residência. Entender gênero como uma categoria fundamental para compreender a sociedade deve ser uma premissa essencial na busca pela construção de espaços que subvertam as relações de hierarquia, desigualdade, violência e segregação vigentes.</marc:subfield>
    </marc:datafield>
    <marc:datafield tag="540" ind1=" " ind2=" ">
      <marc:subfield code="a">Derechos de autor 2024 GADU: Género, Arquitectura, Diseño y Urbanismo</marc:subfield>
    </marc:datafield>
    <marc:datafield tag="546" ind1=" " ind2=" ">
      <marc:subfield code="a">spa</marc:subfield>
    </marc:datafield>
    <marc:datafield tag="690" ind1=" " ind2=" ">
      <marc:subfield code="a">Arquitetura</marc:subfield>
    </marc:datafield>
    <marc:datafield tag="690" ind1=" " ind2=" ">
      <marc:subfield code="a">Urbanismo</marc:subfield>
    </marc:datafield>
    <marc:datafield tag="690" ind1=" " ind2=" ">
      <marc:subfield code="a">Perspectiva de gênero</marc:subfield>
    </marc:datafield>
    <marc:datafield tag="690" ind1=" " ind2=" ">
      <marc:subfield code="a">feminismo</marc:subfield>
    </marc:datafield>
    <marc:datafield tag="655" ind1="7" ind2=" ">
      <marc:subfield code="a">info:eu-repo/semantics/article</marc:subfield>
      <marc:subfield code="2">local</marc:subfield>
    </marc:datafield>
    <marc:datafield tag="655" ind1="7" ind2=" ">
      <marc:subfield code="a">info:eu-repo/semantics/publishedVersion</marc:subfield>
      <marc:subfield code="2">local</marc:subfield>
    </marc:datafield>
    <marc:datafield tag="655" ind1="7" ind2=" ">
      <marc:subfield code="a">info:ar-repo/semantics/articulo</marc:subfield>
      <marc:subfield code="2">local</marc:subfield>
    </marc:datafield>
    <marc:datafield tag="786" ind1="0" ind2=" ">
      <marc:subfield code="n">GADU: Género, Arquitectura, Diseño y Urbanismo; Núm. 001 (2022): Actas GADU 2022</marc:subfield>
    </marc:datafield>
    <marc:datafield tag="787" ind1="0" ind2=" ">
      <marc:subfield code="n">https://publicacionescientificas.fadu.uba.ar/index.php/GADU/article/view/2586/2729</marc:subfield>
    </marc:datafield>
    <marc:datafield tag="856" ind1="4" ind2="1">
      <marc:subfield code="u">https://repositoriouba.sisbi.uba.ar/gsdl/cgi-bin/library.cgi?a=d&amp;c=gadu&amp;d=2586_oai</marc:subfield>
      <marc:subfield code="z">Connect to this object online.</marc:subfield>
    </marc:datafield>
  </marc:record>