
  <marc:record>
    <marc:leader>03910 am a  003493u     </marc:leader>
    <marc:datafield tag="042" ind1=" " ind2=" ">
      <marc:subfield code="a">dc</marc:subfield>
    </marc:datafield>
    <marc:datafield tag="100" ind1="1" ind2="0">
      <marc:subfield code="a">SEGURA, Mariana</marc:subfield>
      <marc:subfield code="e">author</marc:subfield>
    </marc:datafield>
    <marc:datafield tag="700" ind1="1" ind2="0">
      <marc:subfield code="a">GÜIDA, Soledad</marc:subfield>
      <marc:subfield code="e">author</marc:subfield>
    </marc:datafield>
    <marc:datafield tag="700" ind1="1" ind2="0">
      <marc:subfield code="a">SUÁREZ, Silvina</marc:subfield>
      <marc:subfield code="e">author</marc:subfield>
    </marc:datafield>
    <marc:datafield tag="700" ind1="1" ind2="0">
      <marc:subfield code="a">DI MATTEO, Lorena</marc:subfield>
      <marc:subfield code="e">author</marc:subfield>
    </marc:datafield>
    <marc:datafield tag="700" ind1="1" ind2="0">
      <marc:subfield code="a">TESTA, Noelia</marc:subfield>
      <marc:subfield code="e">author</marc:subfield>
    </marc:datafield>
    <marc:datafield tag="700" ind1="1" ind2="0">
      <marc:subfield code="a">FERREYRA, María Clara</marc:subfield>
      <marc:subfield code="e">author</marc:subfield>
    </marc:datafield>
    <marc:datafield tag="700" ind1="1" ind2="0">
      <marc:subfield code="a">OTERO, Iris</marc:subfield>
      <marc:subfield code="e">author</marc:subfield>
    </marc:datafield>
    <marc:datafield tag="700" ind1="1" ind2="0">
      <marc:subfield code="a">MOLINARO, Cecilia</marc:subfield>
      <marc:subfield code="e">author</marc:subfield>
    </marc:datafield>
    <marc:datafield tag="700" ind1="1" ind2="0">
      <marc:subfield code="a">CIURO, Federica</marc:subfield>
      <marc:subfield code="e">author</marc:subfield>
    </marc:datafield>
    <marc:datafield tag="245" ind1="0" ind2="0">
      <marc:subfield code="a">Programa “Nuestro Barrio Tiene Proyecto”. Plan Urbano Barrial desde la perspectiva de Género</marc:subfield>
    </marc:datafield>
    <marc:datafield tag="260" ind1=" " ind2=" ">
      <marc:subfield code="b">Universidad de Buenos Aires. Facultad de Arquitectura, Diseño y Urbanismo. Instituto de la Espacialidad Humana. Programa GADU, </marc:subfield>
      <marc:subfield code="c">2024-05-22.</marc:subfield>
    </marc:datafield>
    <marc:datafield tag="500" ind1=" " ind2=" ">
      <marc:subfield code="a">https://publicacionescientificas.fadu.uba.ar/index.php/GADU/article/view/2607</marc:subfield>
    </marc:datafield>
    <marc:datafield tag="520" ind1=" " ind2=" ">
      <marc:subfield code="a">Los barrios populares de la Provincia de Buenos Aires se ven enfrentados al doble desafío de mejorar las condiciones de vida de su población, y simultáneamente, que dicha mejora favorezca el acceso a todos los beneficios que dan las ciudades. Esta situación se complejiza considerando las distintas situaciones de las familias bonaerenses, y los tiempos que requieren las soluciones estructurales. Dentro de las problemáticas presente en todos los barrios populares, se encuentra la del sistema de cuidados. La infraestructura edilicia de cuidados muchas veces es insuficiente para asistir o reemplazar muchas de las tareas realizadas en los hogares, y el espacio social-comunitario (vía pública), en el cual ya se desarrollan tareas de cuidado, no es asumido dentro del sistema de cuidado y por lo tanto no cuenta con un diseño adecuado para tal fin. Considerar el Hábitat como parte del sistema de cuidados implica entender que la vida se desarrolla y cuida fundamentalmente en hogares y espacios de cercanía. Se materializa en espacios domésticos y espacios sociales-comunitarios, ya sea en calles como en plazas o tierras vacantes. Para poder abordar esta complejidad, es necesario contar con un Plan Urbano del barrio (o de un conjunto de barrios). En este contexto, la Dirección Mejoramiento de Barrios de la Subsecretaria de Hábitat de la Comunidad, está llevando adelante el Programa Nuestro Barrio Tiene Proyecto que tiene como objetivo la formulación de dicho Plan y que contiene un proceso participativo, haciendo foco en los espacios sociales-comunitarios de los barrios como espacios de cuidados, desde una perspectiva feminista. El Programa desarrolla un Plan con información adecuada y actualizada, identificación de las distintas situaciones y, a través de un proceso participativo que garantice la presencia de todas las voces, da lugar a un diagnóstico integral. Una vez definidos los ejes estratégicos, se formulan los proyectos de intervención del espacio social- comunitario como espacio de cuidados. El Programa cuenta con un espacio de trabajo preliminar con las mujeres referentas del barrio, para potenciar su rol, ya que serán quienes lideren el proceso participativo, abierto a todo el barrio, en conjunto con el Municipio. El proceso participativo se realiza bajo un enfoque metodológico, que permite la construcción de consensos.</marc:subfield>
    </marc:datafield>
    <marc:datafield tag="540" ind1=" " ind2=" ">
      <marc:subfield code="a">Derechos de autor 2024 GADU: Género, Arquitectura, Diseño y Urbanismo</marc:subfield>
    </marc:datafield>
    <marc:datafield tag="546" ind1=" " ind2=" ">
      <marc:subfield code="a">spa</marc:subfield>
    </marc:datafield>
    <marc:datafield tag="690" ind1=" " ind2=" ">
      <marc:subfield code="a">Plan</marc:subfield>
    </marc:datafield>
    <marc:datafield tag="690" ind1=" " ind2=" ">
      <marc:subfield code="a">Barrio</marc:subfield>
    </marc:datafield>
    <marc:datafield tag="690" ind1=" " ind2=" ">
      <marc:subfield code="a">Cuidados</marc:subfield>
    </marc:datafield>
    <marc:datafield tag="690" ind1=" " ind2=" ">
      <marc:subfield code="a">Mujeres</marc:subfield>
    </marc:datafield>
    <marc:datafield tag="690" ind1=" " ind2=" ">
      <marc:subfield code="a">Participación</marc:subfield>
    </marc:datafield>
    <marc:datafield tag="655" ind1="7" ind2=" ">
      <marc:subfield code="a">info:eu-repo/semantics/article</marc:subfield>
      <marc:subfield code="2">local</marc:subfield>
    </marc:datafield>
    <marc:datafield tag="655" ind1="7" ind2=" ">
      <marc:subfield code="a">info:eu-repo/semantics/publishedVersion</marc:subfield>
      <marc:subfield code="2">local</marc:subfield>
    </marc:datafield>
    <marc:datafield tag="655" ind1="7" ind2=" ">
      <marc:subfield code="a">info:ar-repo/semantics/articulo</marc:subfield>
      <marc:subfield code="2">local</marc:subfield>
    </marc:datafield>
    <marc:datafield tag="786" ind1="0" ind2=" ">
      <marc:subfield code="n">GADU: Género, Arquitectura, Diseño y Urbanismo; Núm. 001 (2022): Actas GADU 2022</marc:subfield>
    </marc:datafield>
    <marc:datafield tag="787" ind1="0" ind2=" ">
      <marc:subfield code="n">https://publicacionescientificas.fadu.uba.ar/index.php/GADU/article/view/2607/2750</marc:subfield>
    </marc:datafield>
    <marc:datafield tag="856" ind1="4" ind2="1">
      <marc:subfield code="u">https://repositoriouba.sisbi.uba.ar/gsdl/cgi-bin/library.cgi?a=d&amp;c=gadu&amp;d=2607_oai</marc:subfield>
      <marc:subfield code="z">Connect to this object online.</marc:subfield>
    </marc:datafield>
  </marc:record>