
  <marc:record>
    <marc:leader>02625 am a  003013u     </marc:leader>
    <marc:datafield tag="042" ind1=" " ind2=" ">
      <marc:subfield code="a">dc</marc:subfield>
    </marc:datafield>
    <marc:datafield tag="100" ind1="1" ind2="0">
      <marc:subfield code="a">HUAPAYA ESPINOZA, José Carlos</marc:subfield>
      <marc:subfield code="e">author</marc:subfield>
    </marc:datafield>
    <marc:datafield tag="700" ind1="1" ind2="0">
      <marc:subfield code="a">DA SILVA CERQUEIRA, Laís</marc:subfield>
      <marc:subfield code="e">author</marc:subfield>
    </marc:datafield>
    <marc:datafield tag="700" ind1="1" ind2="0">
      <marc:subfield code="a">PARANHOS DE SANTANA LIMA, Leandra</marc:subfield>
      <marc:subfield code="e">author</marc:subfield>
    </marc:datafield>
    <marc:datafield tag="700" ind1="1" ind2="0">
      <marc:subfield code="a">CÂNDIDA NOVAIS PEDRA, Manuella</marc:subfield>
      <marc:subfield code="e">author</marc:subfield>
    </marc:datafield>
    <marc:datafield tag="700" ind1="1" ind2="0">
      <marc:subfield code="a">MAYUMI ISHIKO, Tamires</marc:subfield>
      <marc:subfield code="e">author</marc:subfield>
    </marc:datafield>
    <marc:datafield tag="700" ind1="1" ind2="0">
      <marc:subfield code="a">CLARA SARAIVA PFEIFER, Hannah</marc:subfield>
      <marc:subfield code="e">author</marc:subfield>
    </marc:datafield>
    <marc:datafield tag="245" ind1="0" ind2="0">
      <marc:subfield code="a">Reflexões sobre a atuação profissional das arquitetas no campo da arquitetura e urbanismo. Abordagens a partir de  revistas especializadas, boletins e diagnósticos institucionais </marc:subfield>
    </marc:datafield>
    <marc:datafield tag="260" ind1=" " ind2=" ">
      <marc:subfield code="b">Universidad de Buenos Aires. Facultad de Arquitectura, Diseño y Urbanismo. Instituto de la Espacialidad Humana. Programa GADU, </marc:subfield>
      <marc:subfield code="c">2024-05-20.</marc:subfield>
    </marc:datafield>
    <marc:datafield tag="500" ind1=" " ind2=" ">
      <marc:subfield code="a">https://publicacionescientificas.fadu.uba.ar/index.php/GADU/article/view/2552</marc:subfield>
    </marc:datafield>
    <marc:datafield tag="520" ind1=" " ind2=" ">
      <marc:subfield code="a">O objetivo deste artigo é discutir sobre o estereótipo da atuação profissional das mulheres no campo da Arquitetura e do Urbanismo no Brasil, desde de 1923 até 2020, a partir da análise de revistas especializadas (A casa e Guanabara/Arquitetura), do Boletim do Instituto dos Arquitetos do Brasil / Departamento de São Paulo - IAB e o recente diagnóstico do Conselho de Arquitetura e Urbanismo do Brasil - CAU/BR (2020). Este trabalho é resultado parcial de investigações e discussões que acontecem na pesquisa “Arquitetas e Urbanistas (des)conhecidas” da Faculdade de Arquitetura da Universidade Federal da Bahia - UFBA e pretende associar os resultados encontrados com o diagnóstico realizado pelo CAU/BR através de uma análise quantitativa e qualitativa. Com isso, pretendemos fomentar uma reflexão sobre como as arquitetas ocupam e se inserem no campo profissional, evidenciando um padrão na atuação das mulheres, com poucas mudanças significativas ao longo dos anos, tanto na graduação quanto na própria prática profissional.  </marc:subfield>
    </marc:datafield>
    <marc:datafield tag="540" ind1=" " ind2=" ">
      <marc:subfield code="a">Derechos de autor 2024 GADU: Género, Arquitectura, Diseño y Urbanismo</marc:subfield>
    </marc:datafield>
    <marc:datafield tag="546" ind1=" " ind2=" ">
      <marc:subfield code="a">spa</marc:subfield>
    </marc:datafield>
    <marc:datafield tag="690" ind1=" " ind2=" ">
      <marc:subfield code="a">gênero</marc:subfield>
    </marc:datafield>
    <marc:datafield tag="690" ind1=" " ind2=" ">
      <marc:subfield code="a">arquitetas</marc:subfield>
    </marc:datafield>
    <marc:datafield tag="690" ind1=" " ind2=" ">
      <marc:subfield code="a">revistas especializadas</marc:subfield>
    </marc:datafield>
    <marc:datafield tag="690" ind1=" " ind2=" ">
      <marc:subfield code="a">diagnósticos</marc:subfield>
    </marc:datafield>
    <marc:datafield tag="655" ind1="7" ind2=" ">
      <marc:subfield code="a">info:eu-repo/semantics/article</marc:subfield>
      <marc:subfield code="2">local</marc:subfield>
    </marc:datafield>
    <marc:datafield tag="655" ind1="7" ind2=" ">
      <marc:subfield code="a">info:eu-repo/semantics/publishedVersion</marc:subfield>
      <marc:subfield code="2">local</marc:subfield>
    </marc:datafield>
    <marc:datafield tag="655" ind1="7" ind2=" ">
      <marc:subfield code="a">info:ar-repo/semantics/articulo</marc:subfield>
      <marc:subfield code="2">local</marc:subfield>
    </marc:datafield>
    <marc:datafield tag="786" ind1="0" ind2=" ">
      <marc:subfield code="n">GADU: Género, Arquitectura, Diseño y Urbanismo; Núm. 001 (2022): Actas GADU 2022</marc:subfield>
    </marc:datafield>
    <marc:datafield tag="787" ind1="0" ind2=" ">
      <marc:subfield code="n">https://publicacionescientificas.fadu.uba.ar/index.php/GADU/article/view/2552/2686</marc:subfield>
    </marc:datafield>
    <marc:datafield tag="856" ind1="4" ind2="1">
      <marc:subfield code="u">https://repositoriouba.sisbi.uba.ar/gsdl/cgi-bin/library.cgi?a=d&amp;c=gadu&amp;d=2552_oai</marc:subfield>
      <marc:subfield code="z">Connect to this object online.</marc:subfield>
    </marc:datafield>
  </marc:record>