
  <marc:record>
    <marc:leader>03691 am a  002413u     </marc:leader>
    <marc:datafield tag="042" ind1=" " ind2=" ">
      <marc:subfield code="a">dc</marc:subfield>
    </marc:datafield>
    <marc:datafield tag="100" ind1="1" ind2="0">
      <marc:subfield code="a">MORAGAS, Florencia</marc:subfield>
      <marc:subfield code="e">author</marc:subfield>
    </marc:datafield>
    <marc:datafield tag="700" ind1="1" ind2="0">
      <marc:subfield code="a">BERNSTEIN, Laura</marc:subfield>
      <marc:subfield code="e">author</marc:subfield>
    </marc:datafield>
    <marc:datafield tag="245" ind1="0" ind2="0">
      <marc:subfield code="a">Transversalización de las Políticas de Género y Diversidad. Ministerio de Obras Públicas</marc:subfield>
    </marc:datafield>
    <marc:datafield tag="260" ind1=" " ind2=" ">
      <marc:subfield code="b">Universidad de Buenos Aires. Facultad de Arquitectura, Diseño y Urbanismo. Instituto de la Espacialidad Humana. Programa GADU, </marc:subfield>
      <marc:subfield code="c">2024-05-22.</marc:subfield>
    </marc:datafield>
    <marc:datafield tag="500" ind1=" " ind2=" ">
      <marc:subfield code="a">https://publicacionescientificas.fadu.uba.ar/index.php/GADU/article/view/2610</marc:subfield>
    </marc:datafield>
    <marc:datafield tag="520" ind1=" " ind2=" ">
      <marc:subfield code="a">Audiovisual El Ministerio de Obras Públicas de la nación en Argentina (MOP), desde la Dirección de Relaciones Institucionales, impulsó la conformación de la Red de Género y Diversidad, para desarrollar una estrategia conjunta de transversalización de las políticas. La Red está integrada por personas del ministerio, de los organismos descentralizados y desconcentrados, empresas y entes que se encuentran bajo la órbita ministerial. La primera acción de la Red fue, en contexto de aislamiento social preventivo y obligatorio por COVID-19, el desarrollo de la adaptación del programa para la implementación de Ley Micaela, con contenidos y materiales pedagógicos situados en la realidad del MOP. La Red además articula y acompaña diversos procesos con el fin de: consensuar acciones para la incorporación de la perspectiva de género y diversidad en la planificación presupuestaria, los procesos administrativos, de gestión y ejecución de obras; articular estrategias conjuntas para delinear el monitoreo de los programas, planes y acciones; fortalecer a las organizaciones públicas, privadas y de la sociedad civil, vinculadas al rubro de la construcción y afines, en la inclusión y el respeto de las mujeres y LGBTI+; consensuar acciones en los programas y proyectos que favorezcan la mejora de la calidad de vida de las mujeres y personas LGTBI+; promover en las obras el diseño de arquitecturas, entornos, programas y servicios que hagan posible un uso universal, sin necesidad de adaptación ni de un diseño especializado, entre otros. Como resultado de un trabajo intenso y coordinado, a fines del  2020 se creó el PROGRAMA PARA LA TRANSVERSALIZACIÓN DE LAS POLÍTICAS DE GÉNERO Y DIVERSIDAD que formaliza la existencia de la Red y apunta a la incorporación de la perspectiva de género y de la diversidad en el diseño, implementación y evaluación de las políticas públicas, con el objeto de garantizar un impacto diferencial en las mujeres y en las diversidades a fin de construir una política de obra pública integral y sensible a los sectores más vulnerados de la sociedad. Esta triada de lineamientos: Construir red, Trazar acuerdos, y Generar alianzas institucionales, permitió alcanzar una serie de hitos que se sintetizan en la pieza audiovisual propuesta, en la cual se ilustra el impacto de la implementación de estas políticas de transversalización, en el ciclo y contexto institucional de la obra pública a nivel nacional.</marc:subfield>
    </marc:datafield>
    <marc:datafield tag="540" ind1=" " ind2=" ">
      <marc:subfield code="a">Derechos de autor 2024 GADU: Género, Arquitectura, Diseño y Urbanismo</marc:subfield>
    </marc:datafield>
    <marc:datafield tag="546" ind1=" " ind2=" ">
      <marc:subfield code="a">spa</marc:subfield>
    </marc:datafield>
    <marc:datafield tag="690" ind1=" " ind2=" ">
      <marc:subfield code="a">género</marc:subfield>
    </marc:datafield>
    <marc:datafield tag="690" ind1=" " ind2=" ">
      <marc:subfield code="a">transversalización</marc:subfield>
    </marc:datafield>
    <marc:datafield tag="690" ind1=" " ind2=" ">
      <marc:subfield code="a">obras públicas</marc:subfield>
    </marc:datafield>
    <marc:datafield tag="655" ind1="7" ind2=" ">
      <marc:subfield code="a">info:eu-repo/semantics/article</marc:subfield>
      <marc:subfield code="2">local</marc:subfield>
    </marc:datafield>
    <marc:datafield tag="655" ind1="7" ind2=" ">
      <marc:subfield code="a">info:eu-repo/semantics/publishedVersion</marc:subfield>
      <marc:subfield code="2">local</marc:subfield>
    </marc:datafield>
    <marc:datafield tag="655" ind1="7" ind2=" ">
      <marc:subfield code="a">info:ar-repo/semantics/articulo</marc:subfield>
      <marc:subfield code="2">local</marc:subfield>
    </marc:datafield>
    <marc:datafield tag="786" ind1="0" ind2=" ">
      <marc:subfield code="n">GADU: Género, Arquitectura, Diseño y Urbanismo; Núm. 001 (2022): Actas GADU 2022</marc:subfield>
    </marc:datafield>
    <marc:datafield tag="787" ind1="0" ind2=" ">
      <marc:subfield code="n">https://publicacionescientificas.fadu.uba.ar/index.php/GADU/article/view/2610/2753</marc:subfield>
    </marc:datafield>
    <marc:datafield tag="856" ind1="4" ind2="1">
      <marc:subfield code="u">https://repositoriouba.sisbi.uba.ar/gsdl/cgi-bin/library.cgi?a=d&amp;c=gadu&amp;d=2610_oai</marc:subfield>
      <marc:subfield code="z">Connect to this object online.</marc:subfield>
    </marc:datafield>
  </marc:record>