
  <marc:record>
    <marc:leader>03490 am a  002893u     </marc:leader>
    <marc:datafield tag="042" ind1=" " ind2=" ">
      <marc:subfield code="a">dc</marc:subfield>
    </marc:datafield>
    <marc:datafield tag="100" ind1="1" ind2="0">
      <marc:subfield code="a">ABRAHAM VIERA, Jimena</marc:subfield>
      <marc:subfield code="e">author</marc:subfield>
    </marc:datafield>
    <marc:datafield tag="700" ind1="1" ind2="0">
      <marc:subfield code="a">IRRAZABAL KHAN, Diego</marc:subfield>
      <marc:subfield code="e">author</marc:subfield>
    </marc:datafield>
    <marc:datafield tag="700" ind1="1" ind2="0">
      <marc:subfield code="a">ROVIRA XAVIER DE MELLO, Inés</marc:subfield>
      <marc:subfield code="e">author</marc:subfield>
    </marc:datafield>
    <marc:datafield tag="700" ind1="1" ind2="0">
      <marc:subfield code="a">VIDAL ALFARO, Javier</marc:subfield>
      <marc:subfield code="e">author</marc:subfield>
    </marc:datafield>
    <marc:datafield tag="245" ind1="0" ind2="0">
      <marc:subfield code="a">MAPEA! Cartografías colectivas con perspectiva de género</marc:subfield>
    </marc:datafield>
    <marc:datafield tag="260" ind1=" " ind2=" ">
      <marc:subfield code="b">Universidad de Buenos Aires. Facultad de Arquitectura, Diseño y Urbanismo. Instituto de la Espacialidad Humana. Programa GADU, </marc:subfield>
      <marc:subfield code="c">2024-05-21.</marc:subfield>
    </marc:datafield>
    <marc:datafield tag="500" ind1=" " ind2=" ">
      <marc:subfield code="a">https://publicacionescientificas.fadu.uba.ar/index.php/GADU/article/view/2596</marc:subfield>
    </marc:datafield>
    <marc:datafield tag="520" ind1=" " ind2=" ">
      <marc:subfield code="a">La experiencia del curso MAPEA! se enmarca en la convocatoria realizada por el Departamento de Proyectos de Arquitectura y Urbanismo (DePAU), en el año 2021, dirigida a docentes del Instituto de Proyecto para formular propuestas de nuevas Unidades Curriculares Optativas para la formación de grado en la FADU - UDELAR. La currícula obligatoria de las asignaturas del actual plan de estudios de la FADU-UDELAR no contempla formalmente la inclusión de la perspectiva de género, la epistemología feminista ni sus metodologías asociadas, por lo que esta convocatoria se planteaba como una oportunidad de instalar estos asuntos en la enseñanza de grado. Luego del estudio y aprobación de la propuesta académica por parte del comité de carrera, la asignatura se viabiliza finalmente mediante la libre inscripción de lxs estudiantes, la rápida consecución del cupo mínimo establecido, incluso llegando al máximo permitido y con solicitudes de cursadas por parte de egresadxs, ofrece una meridiana imagen sobre la necesidad existente de incorporar estas temáticas. MAPEA! plantea una propuesta que habilite, desde procesos de enseñanza y aprendizaje, ampliar, complejizar y brindar nuevas herramientas analíticas y propositivas para el abordaje de los territorios en sus diversas escalas a partir de la inclusión de la perspectiva de género interseccional y el conocimiento situado, aplicado y concreto para el caso uruguayo. Propone la construcción de mapeos y registros cartográficos colectivos, con la inclusión de voces diversas e históricamente invisibilizadas. Se intenta introducir al estudiante en una temática de especial relevancia donde se plantea identificar y problematizar estos vacíos de conocimiento desde la experiencia del derecho a la ciudad y los territorios, a partir de un enfoque teórico-metodológico sustentado por la existencia de teorías y desarrollos conceptuales con más de cuatro décadas provenientes de los estudios feministas y de género. En esta primera edición 2022 se trabajó en coordinación con el Municipio B de Montevideo en el marco de la elaboración de su Plan de Cuidados.</marc:subfield>
    </marc:datafield>
    <marc:datafield tag="540" ind1=" " ind2=" ">
      <marc:subfield code="a">Derechos de autor 2024 GADU: Género, Arquitectura, Diseño y Urbanismo</marc:subfield>
    </marc:datafield>
    <marc:datafield tag="546" ind1=" " ind2=" ">
      <marc:subfield code="a">spa</marc:subfield>
    </marc:datafield>
    <marc:datafield tag="690" ind1=" " ind2=" ">
      <marc:subfield code="a">género</marc:subfield>
    </marc:datafield>
    <marc:datafield tag="690" ind1=" " ind2=" ">
      <marc:subfield code="a">arquitectura</marc:subfield>
    </marc:datafield>
    <marc:datafield tag="690" ind1=" " ind2=" ">
      <marc:subfield code="a">urbanismo</marc:subfield>
    </marc:datafield>
    <marc:datafield tag="690" ind1=" " ind2=" ">
      <marc:subfield code="a">participación</marc:subfield>
    </marc:datafield>
    <marc:datafield tag="690" ind1=" " ind2=" ">
      <marc:subfield code="a">co-construcción de conocimiento</marc:subfield>
    </marc:datafield>
    <marc:datafield tag="655" ind1="7" ind2=" ">
      <marc:subfield code="a">info:eu-repo/semantics/article</marc:subfield>
      <marc:subfield code="2">local</marc:subfield>
    </marc:datafield>
    <marc:datafield tag="655" ind1="7" ind2=" ">
      <marc:subfield code="a">info:eu-repo/semantics/publishedVersion</marc:subfield>
      <marc:subfield code="2">local</marc:subfield>
    </marc:datafield>
    <marc:datafield tag="655" ind1="7" ind2=" ">
      <marc:subfield code="a">info:ar-repo/semantics/articulo</marc:subfield>
      <marc:subfield code="2">local</marc:subfield>
    </marc:datafield>
    <marc:datafield tag="786" ind1="0" ind2=" ">
      <marc:subfield code="n">GADU: Género, Arquitectura, Diseño y Urbanismo; Núm. 001 (2022): Actas GADU 2022</marc:subfield>
    </marc:datafield>
    <marc:datafield tag="787" ind1="0" ind2=" ">
      <marc:subfield code="n">https://publicacionescientificas.fadu.uba.ar/index.php/GADU/article/view/2596/2739</marc:subfield>
    </marc:datafield>
    <marc:datafield tag="856" ind1="4" ind2="1">
      <marc:subfield code="u">https://repositoriouba.sisbi.uba.ar/gsdl/cgi-bin/library.cgi?a=d&amp;c=gadu&amp;d=2596_oai</marc:subfield>
      <marc:subfield code="z">Connect to this object online.</marc:subfield>
    </marc:datafield>
  </marc:record>