
  <marc:record>
    <marc:leader>02741 am a  001813u     </marc:leader>
    <marc:datafield tag="042" ind1=" " ind2=" ">
      <marc:subfield code="a">dc</marc:subfield>
    </marc:datafield>
    <marc:datafield tag="100" ind1="1" ind2="0">
      <marc:subfield code="a">Universidad de Buenos Aires. Facultad de Arquitectura, Diseño y Urbanismo. Instituto de la Espacialidad Humana. Programa GADU</marc:subfield>
      <marc:subfield code="e">author</marc:subfield>
    </marc:datafield>
    <marc:datafield tag="245" ind1="0" ind2="0">
      <marc:subfield code="a">Proyectos para nuevos mundos. Cuerpos, espacios y diseños</marc:subfield>
    </marc:datafield>
    <marc:datafield tag="260" ind1=" " ind2=" ">
      <marc:subfield code="b">Universidad de Buenos Aires. Facultad de Arquitectura, Diseño y Urbanismo. Instituto de la Espacialidad Humana. Programa GADU, </marc:subfield>
      <marc:subfield code="c">2024-05-22.</marc:subfield>
    </marc:datafield>
    <marc:datafield tag="500" ind1=" " ind2=" ">
      <marc:subfield code="a">https://publicacionescientificas.fadu.uba.ar/index.php/GADU/article/view/2617</marc:subfield>
    </marc:datafield>
    <marc:datafield tag="520" ind1=" " ind2=" ">
      <marc:subfield code="a">Curadorxs: Esp. Dis. Indum. Manuela Roth y Mg. Arq. Víctor Franco López Colaboradorxs: Lucía Hernández, Josefina de Beauroyre, Viviana Juliá, Homero Pellicer, Justina Rampoldi, Laura Reynés, LINA plataforma, IEH, Transporte Transfeminista, Cátedra Pellicer CBC-UBA, Cátedra Reynes FADU-UBA, Seguridad FADU-UBA y personal técnico de mantenimiento FADU-UBA, les agradecemos por colaborar en la preparación, el montaje y el desmonte de la exposición.   Inauguración: miércoles 28 de septiembre 20.00 hs Expo del 28 de septiembre al 5 de octubre de 2022 Lugar: Ciudad universitaria, FADU-UBA / Salón del Consejo Directivo / PB La exposición tuvo como objetivo poner en valor y difundir la labor de profesionales del diseño, la arquitectura y el urbanismo que desarrollan sus prácticas desde diversas perspectivas de género. La muestra estuvo conformada por 42 expositores, entre ellxs colectivas, cooperativas, centros de investigación, profesionales, estudiantes, graduadxs, organizaciones y activistas vinculadxs al campo del proyecto. La heterogeneidad de participantes y sus múltiples propuestas nos permitieron compartir trabajos que entretejen diversos formatos: ilustraciones, fotografías y audiovisuales, afiches, infografías, maquetas, mapas, cartografías, esculturas, stencils, calcomanías, QRs y distintos objetos como pañuelos, zapatos o vajilla, entre otros. A su vez, se montaron instalaciones y se realizaron acciones participativas. La exposición contó con un espacio de lectura accesible a toda la comunidad, en donde se pusieron a disposición múltiples publicaciones que entrecruzan proyecto y género.</marc:subfield>
    </marc:datafield>
    <marc:datafield tag="540" ind1=" " ind2=" ">
      <marc:subfield code="a">Derechos de autor 2024 GADU: Género, Arquitectura, Diseño y Urbanismo</marc:subfield>
    </marc:datafield>
    <marc:datafield tag="546" ind1=" " ind2=" ">
      <marc:subfield code="a">spa</marc:subfield>
    </marc:datafield>
    <marc:datafield tag="655" ind1="7" ind2=" ">
      <marc:subfield code="a">info:eu-repo/semantics/article</marc:subfield>
      <marc:subfield code="2">local</marc:subfield>
    </marc:datafield>
    <marc:datafield tag="655" ind1="7" ind2=" ">
      <marc:subfield code="a">info:eu-repo/semantics/publishedVersion</marc:subfield>
      <marc:subfield code="2">local</marc:subfield>
    </marc:datafield>
    <marc:datafield tag="786" ind1="0" ind2=" ">
      <marc:subfield code="n">GADU: Género, Arquitectura, Diseño y Urbanismo; Núm. 001 (2022): Actas GADU 2022</marc:subfield>
    </marc:datafield>
    <marc:datafield tag="787" ind1="0" ind2=" ">
      <marc:subfield code="n">https://publicacionescientificas.fadu.uba.ar/index.php/GADU/article/view/2617/2760</marc:subfield>
    </marc:datafield>
    <marc:datafield tag="856" ind1="4" ind2="1">
      <marc:subfield code="u">https://repositoriouba.sisbi.uba.ar/gsdl/cgi-bin/library.cgi?a=d&amp;c=gadu&amp;d=2617_oai</marc:subfield>
      <marc:subfield code="z">Connect to this object online.</marc:subfield>
    </marc:datafield>
  </marc:record>