
  <marc:record>
    <marc:leader>02880 am a  002653u     </marc:leader>
    <marc:datafield tag="042" ind1=" " ind2=" ">
      <marc:subfield code="a">dc</marc:subfield>
    </marc:datafield>
    <marc:datafield tag="100" ind1="1" ind2="0">
      <marc:subfield code="a">ESPINEL MENESES, Angie Milena</marc:subfield>
      <marc:subfield code="e">author</marc:subfield>
    </marc:datafield>
    <marc:datafield tag="245" ind1="0" ind2="0">
      <marc:subfield code="a">El patrimonio cultural también está en la vida cotidiana de las mujeres populares. Desde los saberes - oficios de mis ancestras</marc:subfield>
    </marc:datafield>
    <marc:datafield tag="260" ind1=" " ind2=" ">
      <marc:subfield code="b">Universidad de Buenos Aires. Facultad de Arquitectura, Diseño y Urbanismo. Instituto de la Espacialidad Humana. Programa GADU, </marc:subfield>
      <marc:subfield code="c">2024-05-21.</marc:subfield>
    </marc:datafield>
    <marc:datafield tag="500" ind1=" " ind2=" ">
      <marc:subfield code="a">https://publicacionescientificas.fadu.uba.ar/index.php/GADU/article/view/2563</marc:subfield>
    </marc:datafield>
    <marc:datafield tag="520" ind1=" " ind2=" ">
      <marc:subfield code="a">Los oficios tradicionales que se mantienen como práctica social y cultural en familias de pueblos o barrios populares de las ciudades, son tal vez uno de los patrimonios culturales invisibles que está principalmente en las manos y en el corazón de las mujeres, no solo por el conocimiento de su oficio, al que muchas denominan arte, sino a los trabajos del cuidado de la vida, que históricamente no han sido remunerados y generalmente se hacen replicando prácticas patriarcales. El legado de los saberes y oficios, en ocasiones han sido sentidos, apropiados y percibidos desde memorias de vivencias; especialmente en clases sociales bajas, son aprendidos por transmisión o experiencia cotidiana y son practicados como trabajo, sustento y en algunas ocasiones por gusto. Estos saberes y conocimientos no son reconocidos por ellas mismas como patrimonio cultural y de hecho, para muchas mujeres fue una imposición o una salida laboral al alcance, que sin ser conscientes, mantuvieron vivas tradiciones, construyeron identidades, modos de vida y sustentos económicos. El nacer y crecer en pueblos de orígenes indígenas, siendo mujeres mestizas con costumbres campesinas y luego migrar en busca de oportunidades a la ciudad de Bogotá - Colombia, a mediados del siglo XX, implicó para muchas mujeres aprender y especializarse en un arte u oficio que permitiera su subsistencia y la de sus hijas/os; y ser la base económica para la autoconstrucción de viviendas, en las que adaptaron precariamente sus espacios de aprendizaje y de trabajo artesanal.   Palabras clave: , , , , </marc:subfield>
    </marc:datafield>
    <marc:datafield tag="540" ind1=" " ind2=" ">
      <marc:subfield code="a">Derechos de autor 2024 GADU: Género, Arquitectura, Diseño y Urbanismo</marc:subfield>
    </marc:datafield>
    <marc:datafield tag="546" ind1=" " ind2=" ">
      <marc:subfield code="a">spa</marc:subfield>
    </marc:datafield>
    <marc:datafield tag="690" ind1=" " ind2=" ">
      <marc:subfield code="a">género</marc:subfield>
    </marc:datafield>
    <marc:datafield tag="690" ind1=" " ind2=" ">
      <marc:subfield code="a">mujeres</marc:subfield>
    </marc:datafield>
    <marc:datafield tag="690" ind1=" " ind2=" ">
      <marc:subfield code="a">patrimonio cultural</marc:subfield>
    </marc:datafield>
    <marc:datafield tag="690" ind1=" " ind2=" ">
      <marc:subfield code="a">oficios tradicionales</marc:subfield>
    </marc:datafield>
    <marc:datafield tag="690" ind1=" " ind2=" ">
      <marc:subfield code="a">saberes</marc:subfield>
    </marc:datafield>
    <marc:datafield tag="690" ind1=" " ind2=" ">
      <marc:subfield code="a">popular</marc:subfield>
    </marc:datafield>
    <marc:datafield tag="655" ind1="7" ind2=" ">
      <marc:subfield code="a">info:eu-repo/semantics/article</marc:subfield>
      <marc:subfield code="2">local</marc:subfield>
    </marc:datafield>
    <marc:datafield tag="655" ind1="7" ind2=" ">
      <marc:subfield code="a">info:eu-repo/semantics/publishedVersion</marc:subfield>
      <marc:subfield code="2">local</marc:subfield>
    </marc:datafield>
    <marc:datafield tag="655" ind1="7" ind2=" ">
      <marc:subfield code="a">info:ar-repo/semantics/articulo</marc:subfield>
      <marc:subfield code="2">local</marc:subfield>
    </marc:datafield>
    <marc:datafield tag="786" ind1="0" ind2=" ">
      <marc:subfield code="n">GADU: Género, Arquitectura, Diseño y Urbanismo; Núm. 001 (2022): Actas GADU 2022</marc:subfield>
    </marc:datafield>
    <marc:datafield tag="787" ind1="0" ind2=" ">
      <marc:subfield code="n">https://publicacionescientificas.fadu.uba.ar/index.php/GADU/article/view/2563/2697</marc:subfield>
    </marc:datafield>
    <marc:datafield tag="856" ind1="4" ind2="1">
      <marc:subfield code="u">https://repositoriouba.sisbi.uba.ar/gsdl/cgi-bin/library.cgi?a=d&amp;c=gadu&amp;d=2563_oai</marc:subfield>
      <marc:subfield code="z">Connect to this object online.</marc:subfield>
    </marc:datafield>
  </marc:record>