
  <marc:record>
    <marc:leader>02943 am a  001813u     </marc:leader>
    <marc:datafield tag="042" ind1=" " ind2=" ">
      <marc:subfield code="a">dc</marc:subfield>
    </marc:datafield>
    <marc:datafield tag="100" ind1="1" ind2="0">
      <marc:subfield code="a">Universidad de Buenos Aires. Facultad de Arquitectura, Diseño y Urbanismo. Instituto de la Espacialidad Humana. Programa GADU</marc:subfield>
      <marc:subfield code="e">author</marc:subfield>
    </marc:datafield>
    <marc:datafield tag="245" ind1="0" ind2="0">
      <marc:subfield code="a">Deseo Zapatos presenta Hermanas Espanto + fluxlian + ensayos urbanos</marc:subfield>
    </marc:datafield>
    <marc:datafield tag="260" ind1=" " ind2=" ">
      <marc:subfield code="b">Universidad de Buenos Aires. Facultad de Arquitectura, Diseño y Urbanismo. Instituto de la Espacialidad Humana. Programa GADU, </marc:subfield>
      <marc:subfield code="c">2024-05-22.</marc:subfield>
    </marc:datafield>
    <marc:datafield tag="500" ind1=" " ind2=" ">
      <marc:subfield code="a">https://publicacionescientificas.fadu.uba.ar/index.php/GADU/article/view/2618</marc:subfield>
    </marc:datafield>
    <marc:datafield tag="520" ind1=" " ind2=" ">
      <marc:subfield code="a">Patio central. FADU. UBA El desfile realizado por Deseo Zapatos, en colaboración con otras colectivas de diseño, formó parte de la inauguración de la exposición Proyectos para nuevos mundos. La intención del desfile fue invitar a personas que salen de los cánones heteronormativos a habitar y transitar por la facultad. El desfile y performance se realizó en el patio central en donde la colectiva Fluxlian realizó una instalación. En ella se creó un túnel traslúcido con luces y humo y, la colectiva Ensayos Urbanos trazó un recorrido en el suelo con cintas y mobiliario. Dentro de esta puesta en escena se realizó un desfile que contó con más de diez modelxs que forman parte de Deseo Zapatos y Hermanas Espanto. Luego, se sucedió una performance musicalizada en la cual se utilizó un megáfono para convocar a la comunidad que cursaba en los talleres. El baile, la música, las sirenas, el humo y las luces de Fluxlian nos permitieron, por unas horas, transformar la facultad en una fiesta en donde todxs estuvimos invitadxs. Deseo Zapatos es un colectivo de diseño de calzado por y para personas trans, que surge ante la falta de oferta comercial acorde a nuestros gustos y talles. Coordinamos talleres de capacitación de oficios en donde lxs participantes diseñan y construyen sus propios zapatos, asistidxs por maestras zapateras con experiencia. Integran el grupo varias sobrevivientes del travesticidio social, personas no binarias y amigas cis. La mayoría provienen de otras provincias y países. Comenzamos nuestra actividad a comienzos de 2021, como un programa de desarrollo estratégico de la UBA, en asociación con el Bachiller popular travesti-trans Mocha Celis, que nos alojó por varios meses. Hoy contamos con un espacio de taller propio dentro de la Cooperativa Las Deudas, en el barrio de Boedo</marc:subfield>
    </marc:datafield>
    <marc:datafield tag="540" ind1=" " ind2=" ">
      <marc:subfield code="a">Derechos de autor 2024 GADU: Género, Arquitectura, Diseño y Urbanismo</marc:subfield>
    </marc:datafield>
    <marc:datafield tag="546" ind1=" " ind2=" ">
      <marc:subfield code="a">spa</marc:subfield>
    </marc:datafield>
    <marc:datafield tag="655" ind1="7" ind2=" ">
      <marc:subfield code="a">info:eu-repo/semantics/article</marc:subfield>
      <marc:subfield code="2">local</marc:subfield>
    </marc:datafield>
    <marc:datafield tag="655" ind1="7" ind2=" ">
      <marc:subfield code="a">info:eu-repo/semantics/publishedVersion</marc:subfield>
      <marc:subfield code="2">local</marc:subfield>
    </marc:datafield>
    <marc:datafield tag="786" ind1="0" ind2=" ">
      <marc:subfield code="n">GADU: Género, Arquitectura, Diseño y Urbanismo; Núm. 001 (2022): Actas GADU 2022</marc:subfield>
    </marc:datafield>
    <marc:datafield tag="787" ind1="0" ind2=" ">
      <marc:subfield code="n">https://publicacionescientificas.fadu.uba.ar/index.php/GADU/article/view/2618/2761</marc:subfield>
    </marc:datafield>
    <marc:datafield tag="856" ind1="4" ind2="1">
      <marc:subfield code="u">https://repositoriouba.sisbi.uba.ar/gsdl/cgi-bin/library.cgi?a=d&amp;c=gadu&amp;d=2618_oai</marc:subfield>
      <marc:subfield code="z">Connect to this object online.</marc:subfield>
    </marc:datafield>
  </marc:record>