
  <marc:record>
    <marc:leader>02782 am a  002533u     </marc:leader>
    <marc:datafield tag="042" ind1=" " ind2=" ">
      <marc:subfield code="a">dc</marc:subfield>
    </marc:datafield>
    <marc:datafield tag="100" ind1="1" ind2="0">
      <marc:subfield code="a">MARCOS TORRÓ, María José</marc:subfield>
      <marc:subfield code="e">author</marc:subfield>
    </marc:datafield>
    <marc:datafield tag="245" ind1="0" ind2="0">
      <marc:subfield code="a">Una Lectura post-natural de la Silla Bowl de Lina Bo Bardi</marc:subfield>
    </marc:datafield>
    <marc:datafield tag="260" ind1=" " ind2=" ">
      <marc:subfield code="b">Universidad de Buenos Aires. Facultad de Arquitectura, Diseño y Urbanismo. Instituto de la Espacialidad Humana. Programa GADU, </marc:subfield>
      <marc:subfield code="c">2024-05-21.</marc:subfield>
    </marc:datafield>
    <marc:datafield tag="500" ind1=" " ind2=" ">
      <marc:subfield code="a">https://publicacionescientificas.fadu.uba.ar/index.php/GADU/article/view/2584</marc:subfield>
    </marc:datafield>
    <marc:datafield tag="520" ind1=" " ind2=" ">
      <marc:subfield code="a">En esta investigación expongo una visión personal e inédita de la Silla Bowl de Lina Bo Bardi, un proyecto que la arquitecta creó y construyó en el año 1951, coincidiendo con el inicio de la Bienal de São Paulo. Despliego aspectos relativos a los procesos creativos e imaginativos que posibilitan la creación de la Silla Bowl, procesos que me permiten argumentar como en este proyecto de la arquitecta Lina Bo Bardi, está conectado con la corriente de pensamiento de la Ecología Política, en gran parte por el carácter crítico con el que la arquitecta enacta este objeto de pensamiento hacia una Arquitectura Post-natural y en otra por las cuestionen que lo ligan a los criterios de negociación doméstica de los pueblos originarios de Brasil. Hay mucho teorizado sobre la figura de Lina Bo Bardi y su obra, aunque poco teorizado sobre su primer proyecto de mobiliario en solitario, la Silla Bowl, un proyecto sobre el que asienta gran parte de su forma crítica de diseño. A pesar de que hay una escasa información teórica sobre la Silla Bowl, existe mucho comercializado en la actualidad, puesto que recientemente la empresa Arper SPA ha realizado una producción de centenares de estas piezas semiesféricas. Este relanzamiento ha provocado que se enuncien nuevos intereses sobre el dispositivo doméstico bobardiano, aunque con un fin comercial y no teórico. Sí es cierto que en la última década existe un crecimiento exponencial de escritos teóricos e interés por la obra de Lina Bo Bardi entre la comunidad de arquitectas y arquitectos.</marc:subfield>
    </marc:datafield>
    <marc:datafield tag="540" ind1=" " ind2=" ">
      <marc:subfield code="a">Derechos de autor 2024 GADU: Género, Arquitectura, Diseño y Urbanismo</marc:subfield>
    </marc:datafield>
    <marc:datafield tag="546" ind1=" " ind2=" ">
      <marc:subfield code="a">spa</marc:subfield>
    </marc:datafield>
    <marc:datafield tag="690" ind1=" " ind2=" ">
      <marc:subfield code="a">Lina Bo Bardi</marc:subfield>
    </marc:datafield>
    <marc:datafield tag="690" ind1=" " ind2=" ">
      <marc:subfield code="a">Silla Bowl</marc:subfield>
    </marc:datafield>
    <marc:datafield tag="690" ind1=" " ind2=" ">
      <marc:subfield code="a">Arquitectura en Femenino</marc:subfield>
    </marc:datafield>
    <marc:datafield tag="690" ind1=" " ind2=" ">
      <marc:subfield code="a">Post-Naturaleza</marc:subfield>
    </marc:datafield>
    <marc:datafield tag="690" ind1=" " ind2=" ">
      <marc:subfield code="a">Ecología Política</marc:subfield>
    </marc:datafield>
    <marc:datafield tag="655" ind1="7" ind2=" ">
      <marc:subfield code="a">info:eu-repo/semantics/article</marc:subfield>
      <marc:subfield code="2">local</marc:subfield>
    </marc:datafield>
    <marc:datafield tag="655" ind1="7" ind2=" ">
      <marc:subfield code="a">info:eu-repo/semantics/publishedVersion</marc:subfield>
      <marc:subfield code="2">local</marc:subfield>
    </marc:datafield>
    <marc:datafield tag="655" ind1="7" ind2=" ">
      <marc:subfield code="a">info:ar-repo/semantics/articulo</marc:subfield>
      <marc:subfield code="2">local</marc:subfield>
    </marc:datafield>
    <marc:datafield tag="786" ind1="0" ind2=" ">
      <marc:subfield code="n">GADU: Género, Arquitectura, Diseño y Urbanismo; Núm. 001 (2022): Actas GADU 2022</marc:subfield>
    </marc:datafield>
    <marc:datafield tag="787" ind1="0" ind2=" ">
      <marc:subfield code="n">https://publicacionescientificas.fadu.uba.ar/index.php/GADU/article/view/2584/2727</marc:subfield>
    </marc:datafield>
    <marc:datafield tag="856" ind1="4" ind2="1">
      <marc:subfield code="u">https://repositoriouba.sisbi.uba.ar/gsdl/cgi-bin/library.cgi?a=d&amp;c=gadu&amp;d=2584_oai</marc:subfield>
      <marc:subfield code="z">Connect to this object online.</marc:subfield>
    </marc:datafield>
  </marc:record>