
  <marc:record>
    <marc:leader>03773 am a  003493u     </marc:leader>
    <marc:datafield tag="042" ind1=" " ind2=" ">
      <marc:subfield code="a">dc</marc:subfield>
    </marc:datafield>
    <marc:datafield tag="100" ind1="1" ind2="0">
      <marc:subfield code="a">SZAJNBERG, Daniela</marc:subfield>
      <marc:subfield code="e">author</marc:subfield>
    </marc:datafield>
    <marc:datafield tag="700" ind1="1" ind2="0">
      <marc:subfield code="a">ANTOLINI, Carolina</marc:subfield>
      <marc:subfield code="e">author</marc:subfield>
    </marc:datafield>
    <marc:datafield tag="700" ind1="1" ind2="0">
      <marc:subfield code="a">GIL PALACIOS, Jimena Anahí</marc:subfield>
      <marc:subfield code="e">author</marc:subfield>
    </marc:datafield>
    <marc:datafield tag="700" ind1="1" ind2="0">
      <marc:subfield code="a">MARTÍNEZ, Gabriela</marc:subfield>
      <marc:subfield code="e">author</marc:subfield>
    </marc:datafield>
    <marc:datafield tag="700" ind1="1" ind2="0">
      <marc:subfield code="a">LUNA, Noel</marc:subfield>
      <marc:subfield code="e">author</marc:subfield>
    </marc:datafield>
    <marc:datafield tag="700" ind1="1" ind2="0">
      <marc:subfield code="a">FERNÁNDEZ CITTADINI, Rosario</marc:subfield>
      <marc:subfield code="e">author</marc:subfield>
    </marc:datafield>
    <marc:datafield tag="700" ind1="1" ind2="0">
      <marc:subfield code="a">PASTRANA, Cinthia Pamela</marc:subfield>
      <marc:subfield code="e">author</marc:subfield>
    </marc:datafield>
    <marc:datafield tag="700" ind1="1" ind2="0">
      <marc:subfield code="a">ZANOTTI, Roxana</marc:subfield>
      <marc:subfield code="e">author</marc:subfield>
    </marc:datafield>
    <marc:datafield tag="700" ind1="1" ind2="0">
      <marc:subfield code="a">ROITMAN, Anabella</marc:subfield>
      <marc:subfield code="e">author</marc:subfield>
    </marc:datafield>
    <marc:datafield tag="700" ind1="1" ind2="0">
      <marc:subfield code="a">GÓMEZ, Julieta</marc:subfield>
      <marc:subfield code="e">author</marc:subfield>
    </marc:datafield>
    <marc:datafield tag="245" ind1="0" ind2="0">
      <marc:subfield code="a">Gestión Urbana, Territorios y Géneros</marc:subfield>
    </marc:datafield>
    <marc:datafield tag="260" ind1=" " ind2=" ">
      <marc:subfield code="b">Universidad de Buenos Aires. Facultad de Arquitectura, Diseño y Urbanismo. Instituto de la Espacialidad Humana. Programa GADU, </marc:subfield>
      <marc:subfield code="c">2024-05-22.</marc:subfield>
    </marc:datafield>
    <marc:datafield tag="500" ind1=" " ind2=" ">
      <marc:subfield code="a">https://publicacionescientificas.fadu.uba.ar/index.php/GADU/article/view/2606</marc:subfield>
    </marc:datafield>
    <marc:datafield tag="520" ind1=" " ind2=" ">
      <marc:subfield code="a">GuIJuSo “Gestión Urbana, Innovación y Justicia Socio-Espacial” es un espacio programático académico con sede en el Instituto de la Espacialidad Humana, en articulación con el Instituto Superior de Urbanismo, Territorio y Ambiente, con dos décadas de trayectoria en la Facultad de Arquitectura, Diseño y Urbanismo de la Universidad de Buenos Aires (FADU-UBA). Con antecedente de 6 Proyectos UBACyT consecutivos acreditados y financiados por la Secretaría de Ciencia y Técnica de la UBA, y 10 Proyectos de Investigación Avanzados, de Iniciación, de Tesistas y de Jóvenes Investigadores (PIA, PII, PIT y JIN) acreditados por la Secretaría de Investigaciones de la FADU-UBA, más de 90 investigadores de 4 generaciones (formados, en formación, becarios, tesistas y asesores-colaboradores) y más de 100 pasantes de los Programas de Acreditación Académica y de Formación en Investigación han participado en alguna de las 3 etapas evolutivas que ha tenido GuIJuSo: La primera, partiendo de los problemas territoriales hacia los instrumentos (última década del siglo XX y primera del XXI) La segunda, partiendo de los instrumentos hacia los conflictos y oportunidades territoriales (primera y segunda década del siglo XXI) La tercera, articulando también instrumentos y territorios, pero atravesados por perspectivas interseccionales: ambiente y desarrollo sostenible, patrimonio cultural y paisajístico, justicia socio-espacial, innovaciones tecnológicas, migraciones y catástrofes naturales y artificiales, diversidad socio-cultural, generaciones y géneros. El 1° Congreso Internacional GADU “Género, Arquitectura, Diseño y Urbanismo” convoca a reflexionar sobre el potencial del “Género” como categoría de análisis interseccional en las disciplinas proyectuales. Desde GuIJuSo aprovechamos la ocasión para revisar cómo cada una de nuestras líneas y proyectos de investigación ha incorporado esta categoría de manera interseccional, asumiendo la instancia de la “gestión” como parte de la proyectual y la implementación operativa. Procurando identificar en qué medida y formato, estas aproximaciones incluyen aportes formales, informales, planificados, espontáneos y/o híbridos.</marc:subfield>
    </marc:datafield>
    <marc:datafield tag="540" ind1=" " ind2=" ">
      <marc:subfield code="a">Derechos de autor 2024 GADU: Género, Arquitectura, Diseño y Urbanismo</marc:subfield>
    </marc:datafield>
    <marc:datafield tag="546" ind1=" " ind2=" ">
      <marc:subfield code="a">spa</marc:subfield>
    </marc:datafield>
    <marc:datafield tag="690" ind1=" " ind2=" ">
      <marc:subfield code="a">género</marc:subfield>
    </marc:datafield>
    <marc:datafield tag="690" ind1=" " ind2=" ">
      <marc:subfield code="a">gestión urbana</marc:subfield>
    </marc:datafield>
    <marc:datafield tag="690" ind1=" " ind2=" ">
      <marc:subfield code="a">territorio</marc:subfield>
    </marc:datafield>
    <marc:datafield tag="690" ind1=" " ind2=" ">
      <marc:subfield code="a">interseccionalidades</marc:subfield>
    </marc:datafield>
    <marc:datafield tag="655" ind1="7" ind2=" ">
      <marc:subfield code="a">info:eu-repo/semantics/article</marc:subfield>
      <marc:subfield code="2">local</marc:subfield>
    </marc:datafield>
    <marc:datafield tag="655" ind1="7" ind2=" ">
      <marc:subfield code="a">info:eu-repo/semantics/publishedVersion</marc:subfield>
      <marc:subfield code="2">local</marc:subfield>
    </marc:datafield>
    <marc:datafield tag="655" ind1="7" ind2=" ">
      <marc:subfield code="a">info:ar-repo/semantics/articulo</marc:subfield>
      <marc:subfield code="2">local</marc:subfield>
    </marc:datafield>
    <marc:datafield tag="786" ind1="0" ind2=" ">
      <marc:subfield code="n">GADU: Género, Arquitectura, Diseño y Urbanismo; Núm. 001 (2022): Actas GADU 2022</marc:subfield>
    </marc:datafield>
    <marc:datafield tag="787" ind1="0" ind2=" ">
      <marc:subfield code="n">https://publicacionescientificas.fadu.uba.ar/index.php/GADU/article/view/2606/2749</marc:subfield>
    </marc:datafield>
    <marc:datafield tag="856" ind1="4" ind2="1">
      <marc:subfield code="u">https://repositoriouba.sisbi.uba.ar/gsdl/cgi-bin/library.cgi?a=d&amp;c=gadu&amp;d=2606_oai</marc:subfield>
      <marc:subfield code="z">Connect to this object online.</marc:subfield>
    </marc:datafield>
  </marc:record>