
  <marc:record>
    <marc:leader>02850 am a  002653u     </marc:leader>
    <marc:datafield tag="042" ind1=" " ind2=" ">
      <marc:subfield code="a">dc</marc:subfield>
    </marc:datafield>
    <marc:datafield tag="100" ind1="1" ind2="0">
      <marc:subfield code="a">PIATTELLI, Lucrecia</marc:subfield>
      <marc:subfield code="e">author</marc:subfield>
    </marc:datafield>
    <marc:datafield tag="700" ind1="1" ind2="0">
      <marc:subfield code="a">VIO, Marcela</marc:subfield>
      <marc:subfield code="e">author</marc:subfield>
    </marc:datafield>
    <marc:datafield tag="700" ind1="1" ind2="0">
      <marc:subfield code="a">LAGO, Noemí</marc:subfield>
      <marc:subfield code="e">author</marc:subfield>
    </marc:datafield>
    <marc:datafield tag="245" ind1="0" ind2="0">
      <marc:subfield code="a">Ley Micaela. Estudio sobre los trabajos producidos en el marco de la Ley Micaela y sus alcances en el Departamento de Arquitectura, Diseño y Urbanismo de la UNDAV</marc:subfield>
    </marc:datafield>
    <marc:datafield tag="260" ind1=" " ind2=" ">
      <marc:subfield code="b">Universidad de Buenos Aires. Facultad de Arquitectura, Diseño y Urbanismo. Instituto de la Espacialidad Humana. Programa GADU, </marc:subfield>
      <marc:subfield code="c">2024-05-21.</marc:subfield>
    </marc:datafield>
    <marc:datafield tag="500" ind1=" " ind2=" ">
      <marc:subfield code="a">https://publicacionescientificas.fadu.uba.ar/index.php/GADU/article/view/2598</marc:subfield>
    </marc:datafield>
    <marc:datafield tag="520" ind1=" " ind2=" ">
      <marc:subfield code="a">En esta ponencia nos proponemos recuperar lo problematizado por docentes de las carreras del departamento de Arquitectura, Diseño y Urbanismo de la Universidad Nacional de Avellaneda en el marco de la capacitación obligatoria en los términos propuestos por la Ley Micaela.  Para ello adoptaremos una perspectiva cualitativa y avanzaremos en el análisis de 14 trabajos en los que participaron un total de 53 docentes de las carreras mencionadas. Revisaremos, específicamente, los problemas delimitados por les docentes y las líneas de acción propuestas para la transversalización de la perspectiva de género. Y dialogaremos con ellos a partir de la hipótesis que discute la viabilidad de transversalizar dicha perspectiva en el marco de una cultura institucional profundamente androcéntrica y de una estructura del plantel docente marcadamente masculina. En este sentido, pretendemos abrir el debate acerca de cómo promover una justicia curricular que efectivamente logre incorporar la perspectiva de género en vez de fortalecer un sistema que funciona cuando bloquea los intentos de transformarlo (Ahmed, 2021:181). El trabajo se organizará en tres partes. En la primera, se contextualizará la creación y el desarrollo reciente de la universidad que hace muy poco cumplió su primera década. En la segunda parte revisaremos los resultados de la muestra delimitada. En la tercera recuperaremos los resultados de dicha revisión para discutir con nuestra hipótesis y abrirnos al debate señalado. </marc:subfield>
    </marc:datafield>
    <marc:datafield tag="540" ind1=" " ind2=" ">
      <marc:subfield code="a">Derechos de autor 2024 GADU: Género, Arquitectura, Diseño y Urbanismo</marc:subfield>
    </marc:datafield>
    <marc:datafield tag="546" ind1=" " ind2=" ">
      <marc:subfield code="a">spa</marc:subfield>
    </marc:datafield>
    <marc:datafield tag="690" ind1=" " ind2=" ">
      <marc:subfield code="a">género</marc:subfield>
    </marc:datafield>
    <marc:datafield tag="690" ind1=" " ind2=" ">
      <marc:subfield code="a">arquitectura</marc:subfield>
    </marc:datafield>
    <marc:datafield tag="690" ind1=" " ind2=" ">
      <marc:subfield code="a">diseño</marc:subfield>
    </marc:datafield>
    <marc:datafield tag="690" ind1=" " ind2=" ">
      <marc:subfield code="a">justicia curricular</marc:subfield>
    </marc:datafield>
    <marc:datafield tag="655" ind1="7" ind2=" ">
      <marc:subfield code="a">info:eu-repo/semantics/article</marc:subfield>
      <marc:subfield code="2">local</marc:subfield>
    </marc:datafield>
    <marc:datafield tag="655" ind1="7" ind2=" ">
      <marc:subfield code="a">info:eu-repo/semantics/publishedVersion</marc:subfield>
      <marc:subfield code="2">local</marc:subfield>
    </marc:datafield>
    <marc:datafield tag="655" ind1="7" ind2=" ">
      <marc:subfield code="a">info:ar-repo/semantics/articulo</marc:subfield>
      <marc:subfield code="2">local</marc:subfield>
    </marc:datafield>
    <marc:datafield tag="786" ind1="0" ind2=" ">
      <marc:subfield code="n">GADU: Género, Arquitectura, Diseño y Urbanismo; Núm. 001 (2022): Actas GADU 2022</marc:subfield>
    </marc:datafield>
    <marc:datafield tag="787" ind1="0" ind2=" ">
      <marc:subfield code="n">https://publicacionescientificas.fadu.uba.ar/index.php/GADU/article/view/2598/2741</marc:subfield>
    </marc:datafield>
    <marc:datafield tag="856" ind1="4" ind2="1">
      <marc:subfield code="u">https://repositoriouba.sisbi.uba.ar/gsdl/cgi-bin/library.cgi?a=d&amp;c=gadu&amp;d=2598_oai</marc:subfield>
      <marc:subfield code="z">Connect to this object online.</marc:subfield>
    </marc:datafield>
  </marc:record>