
  <marc:record>
    <marc:leader>02925 am a  002413u     </marc:leader>
    <marc:datafield tag="042" ind1=" " ind2=" ">
      <marc:subfield code="a">dc</marc:subfield>
    </marc:datafield>
    <marc:datafield tag="100" ind1="1" ind2="0">
      <marc:subfield code="a">FERNÁNDEZ, Natalia</marc:subfield>
      <marc:subfield code="e">author</marc:subfield>
    </marc:datafield>
    <marc:datafield tag="245" ind1="0" ind2="0">
      <marc:subfield code="a">Reflexiones desde una perspectiva ecofeminista en torno a la crisis ambiental en el momento del Capitaloceno. Aportes teóricos en el campo de la Ingeniería de materiales</marc:subfield>
    </marc:datafield>
    <marc:datafield tag="260" ind1=" " ind2=" ">
      <marc:subfield code="b">Universidad de Buenos Aires. Facultad de Arquitectura, Diseño y Urbanismo. Instituto de la Espacialidad Humana. Programa GADU, </marc:subfield>
      <marc:subfield code="c">2024-05-21.</marc:subfield>
    </marc:datafield>
    <marc:datafield tag="500" ind1=" " ind2=" ">
      <marc:subfield code="a">https://publicacionescientificas.fadu.uba.ar/index.php/GADU/article/view/2558</marc:subfield>
    </marc:datafield>
    <marc:datafield tag="520" ind1=" " ind2=" ">
      <marc:subfield code="a">Las crisis sanitarias recientes han llegado de la mano de otras crisis interconectadas entre sí: ambientales, económicas, políticas, ecológicas, energéticas y sociales. En la era del Capitaloceno, comienza a evidenciarse en la composición física y material de los territorios el impacto del sistema productivo hegemónico sobre los ecosistemas. Situadas en este modelo actual capitalista, signado por la contaminación, el cambio climático y el agotamiento de las reservas fósiles, resulta impostergable el debate acerca de las prácticas sobre las cuales se erigen nuestras ciudades dentro de estas lógicas de desigualdad. El movimiento Ecofeminista, ha puesto de relieve que la violencia hacia las mujeres y disidencias se encuentra en estrecha correlación a la violencia sufrida por la naturaleza, en donde género y ambiente se entrecruzan bajo opresiones múltiples, vinculadas y equiparables. Este trabajo propone realizar aportes teóricos desde una perspectiva ecofeminista en el campo de la ingeniería de los materiales. El objetivo es poner en tensión la no-neutralidad de los elementos constructivos que nos rodean en diálogo con su procedencia, analizando sus matrices productivas desde una mirada crítica. Se invita a reflexionar sobre el modelo productivo hegemónico y sus consecuencias como así también acerca de nuevas materialidades, que se nutren de prácticas que apuntan a construir hábitats más saludables. Se propone también, habilitar la discusión sobre la generación de epistemologías alternativas tendientes a propiciar el desarrollo de tecnologías a favor del sostenimiento de la vida.</marc:subfield>
    </marc:datafield>
    <marc:datafield tag="540" ind1=" " ind2=" ">
      <marc:subfield code="a">Derechos de autor 2024 GADU: Género, Arquitectura, Diseño y Urbanismo</marc:subfield>
    </marc:datafield>
    <marc:datafield tag="546" ind1=" " ind2=" ">
      <marc:subfield code="a">spa</marc:subfield>
    </marc:datafield>
    <marc:datafield tag="690" ind1=" " ind2=" ">
      <marc:subfield code="a">ecofeminismo</marc:subfield>
    </marc:datafield>
    <marc:datafield tag="690" ind1=" " ind2=" ">
      <marc:subfield code="a">crisis ambiental</marc:subfield>
    </marc:datafield>
    <marc:datafield tag="690" ind1=" " ind2=" ">
      <marc:subfield code="a">capitaloceno</marc:subfield>
    </marc:datafield>
    <marc:datafield tag="690" ind1=" " ind2=" ">
      <marc:subfield code="a">ingeniería de materiales</marc:subfield>
    </marc:datafield>
    <marc:datafield tag="655" ind1="7" ind2=" ">
      <marc:subfield code="a">info:eu-repo/semantics/article</marc:subfield>
      <marc:subfield code="2">local</marc:subfield>
    </marc:datafield>
    <marc:datafield tag="655" ind1="7" ind2=" ">
      <marc:subfield code="a">info:eu-repo/semantics/publishedVersion</marc:subfield>
      <marc:subfield code="2">local</marc:subfield>
    </marc:datafield>
    <marc:datafield tag="655" ind1="7" ind2=" ">
      <marc:subfield code="a">info:ar-repo/semantics/articulo</marc:subfield>
      <marc:subfield code="2">local</marc:subfield>
    </marc:datafield>
    <marc:datafield tag="786" ind1="0" ind2=" ">
      <marc:subfield code="n">GADU: Género, Arquitectura, Diseño y Urbanismo; Núm. 001 (2022): Actas GADU 2022</marc:subfield>
    </marc:datafield>
    <marc:datafield tag="787" ind1="0" ind2=" ">
      <marc:subfield code="n">https://publicacionescientificas.fadu.uba.ar/index.php/GADU/article/view/2558/2692</marc:subfield>
    </marc:datafield>
    <marc:datafield tag="856" ind1="4" ind2="1">
      <marc:subfield code="u">https://repositoriouba.sisbi.uba.ar/gsdl/cgi-bin/library.cgi?a=d&amp;c=gadu&amp;d=2558_oai</marc:subfield>
      <marc:subfield code="z">Connect to this object online.</marc:subfield>
    </marc:datafield>
  </marc:record>