
  <marc:record>
    <marc:leader>03986 am a  003373u     </marc:leader>
    <marc:datafield tag="042" ind1=" " ind2=" ">
      <marc:subfield code="a">dc</marc:subfield>
    </marc:datafield>
    <marc:datafield tag="100" ind1="1" ind2="0">
      <marc:subfield code="a">VÁZQUEZ, María Laura</marc:subfield>
      <marc:subfield code="e">author</marc:subfield>
    </marc:datafield>
    <marc:datafield tag="700" ind1="1" ind2="0">
      <marc:subfield code="a">CAPUTO,  Julieta</marc:subfield>
      <marc:subfield code="e">author</marc:subfield>
    </marc:datafield>
    <marc:datafield tag="700" ind1="1" ind2="0">
      <marc:subfield code="a">ROCHA, Sofía</marc:subfield>
      <marc:subfield code="e">author</marc:subfield>
    </marc:datafield>
    <marc:datafield tag="700" ind1="1" ind2="0">
      <marc:subfield code="a">BUSTAMANTE, Paz</marc:subfield>
      <marc:subfield code="e">author</marc:subfield>
    </marc:datafield>
    <marc:datafield tag="700" ind1="1" ind2="0">
      <marc:subfield code="a">ISIDORI, Agustina</marc:subfield>
      <marc:subfield code="e">author</marc:subfield>
    </marc:datafield>
    <marc:datafield tag="700" ind1="1" ind2="0">
      <marc:subfield code="a">SIERRA, Guadalupe</marc:subfield>
      <marc:subfield code="e">author</marc:subfield>
    </marc:datafield>
    <marc:datafield tag="700" ind1="1" ind2="0">
      <marc:subfield code="a">BROGGIA, María Agustina</marc:subfield>
      <marc:subfield code="e">author</marc:subfield>
    </marc:datafield>
    <marc:datafield tag="700" ind1="1" ind2="0">
      <marc:subfield code="a">ROZIN, Melanie Micaela</marc:subfield>
      <marc:subfield code="e">author</marc:subfield>
    </marc:datafield>
    <marc:datafield tag="245" ind1="0" ind2="0">
      <marc:subfield code="a">Pequeñas variaciones. Ensayo audiovisual</marc:subfield>
    </marc:datafield>
    <marc:datafield tag="260" ind1=" " ind2=" ">
      <marc:subfield code="b">Universidad de Buenos Aires. Facultad de Arquitectura, Diseño y Urbanismo. Instituto de la Espacialidad Humana. Programa GADU, </marc:subfield>
      <marc:subfield code="c">2024-05-21.</marc:subfield>
    </marc:datafield>
    <marc:datafield tag="500" ind1=" " ind2=" ">
      <marc:subfield code="a">https://publicacionescientificas.fadu.uba.ar/index.php/GADU/article/view/2574</marc:subfield>
    </marc:datafield>
    <marc:datafield tag="520" ind1=" " ind2=" ">
      <marc:subfield code="a">Despatriarcar la mirada, tramas sensibles de resistencia es un proyecto de investigación que llevamos adelante desde el 2019 hasta el presente en la Carrera de Diseño de Imagen y Sonido, FADU-UBA, enmarcado en la cátedra de Dirección de fotografía. Nuestra investigación comienza en el histórico entramado de desigualdades y tensiones que han operado a lo largo de los siglos en torno a los procesos de invisibilización de las poéticas de las mujeres y disidencias sexuales, y desde allí se despliega hacia las diversas manifestaciones estéticas de los años setentas, momento en el que se produjo en occidente una nueva “ola feminista”. Esto habilitó a que los flujos de disputas puedan visibilizarse en gran número de producciones de mujeres y disidencias sexuales quienes en esos años comenzaban a utilizar “nuevas tecnologías”, como el video y el cine experimental. Estas piezas, que aún resuenan en el presente e influencian artistas contemporáneas, establecieron fuertes diálogos entre sí y de su análisis reconocemos en ellos tres categorías: Cuerpo como territorio, Hogar como espacio de resistencia y el devenir de “Lo personal es político''. A partir de estos ejes, indagamos sobre el corrimiento que se produce en torno a la representación histórica del cuerpo femenino y sobre las estrategias formales que las artistas utilizan para presentar su cuerpo y su mirada como territorio de enunciación que entra en debate con el canon patriarcal. Para el 1º Congreso GADU proponemos la presentación del ensayo audiovisual “Pequeñas variaciones”, que tensiona y dialoga con la obra de la cineasta belga Chantal Akerman. Este relato está conformado por pequeños episodios a modo de ensoñaciones o epifanías corales. Proponemos esta pieza como forma de pensamiento, como exploración introspectiva sobre cuáles pueden ser las formas despatriarcadas que puede asumir una mirada. En este proceso de investigación minuciosa, la mirada de Akerman nos invita a seguir preguntándonos sobre los territorios de la intimidad, y de qué forma estos son representados. Deseamos analizar las estrategias que utiliza la directora para transformar lo personal en colectivo. En donde subyacen las problemáticas en torno a los roles de género, los mandatos patriarcales y las disidencias sexuales. Entendiendo al congreso como un espacio que habilita la militancia feminista, como un posible espejo, para hacernos preguntas sobre la mirada patriarcal desde la propia construcción de un relato audiovisual.</marc:subfield>
    </marc:datafield>
    <marc:datafield tag="540" ind1=" " ind2=" ">
      <marc:subfield code="a">Derechos de autor 2024 GADU: Género, Arquitectura, Diseño y Urbanismo</marc:subfield>
    </marc:datafield>
    <marc:datafield tag="546" ind1=" " ind2=" ">
      <marc:subfield code="a">spa</marc:subfield>
    </marc:datafield>
    <marc:datafield tag="690" ind1=" " ind2=" ">
      <marc:subfield code="a">Mirada</marc:subfield>
    </marc:datafield>
    <marc:datafield tag="690" ind1=" " ind2=" ">
      <marc:subfield code="a">Feminismo</marc:subfield>
    </marc:datafield>
    <marc:datafield tag="690" ind1=" " ind2=" ">
      <marc:subfield code="a">Arte</marc:subfield>
    </marc:datafield>
    <marc:datafield tag="690" ind1=" " ind2=" ">
      <marc:subfield code="a">Cine</marc:subfield>
    </marc:datafield>
    <marc:datafield tag="690" ind1=" " ind2=" ">
      <marc:subfield code="a">Ensayo</marc:subfield>
    </marc:datafield>
    <marc:datafield tag="655" ind1="7" ind2=" ">
      <marc:subfield code="a">info:eu-repo/semantics/article</marc:subfield>
      <marc:subfield code="2">local</marc:subfield>
    </marc:datafield>
    <marc:datafield tag="655" ind1="7" ind2=" ">
      <marc:subfield code="a">info:eu-repo/semantics/publishedVersion</marc:subfield>
      <marc:subfield code="2">local</marc:subfield>
    </marc:datafield>
    <marc:datafield tag="655" ind1="7" ind2=" ">
      <marc:subfield code="a">info:ar-repo/semantics/articulo</marc:subfield>
      <marc:subfield code="2">local</marc:subfield>
    </marc:datafield>
    <marc:datafield tag="786" ind1="0" ind2=" ">
      <marc:subfield code="n">GADU: Género, Arquitectura, Diseño y Urbanismo; Núm. 001 (2022): Actas GADU 2022</marc:subfield>
    </marc:datafield>
    <marc:datafield tag="787" ind1="0" ind2=" ">
      <marc:subfield code="n">https://publicacionescientificas.fadu.uba.ar/index.php/GADU/article/view/2574/2708</marc:subfield>
    </marc:datafield>
    <marc:datafield tag="856" ind1="4" ind2="1">
      <marc:subfield code="u">https://repositoriouba.sisbi.uba.ar/gsdl/cgi-bin/library.cgi?a=d&amp;c=gadu&amp;d=2574_oai</marc:subfield>
      <marc:subfield code="z">Connect to this object online.</marc:subfield>
    </marc:datafield>
  </marc:record>