
  <marc:record>
    <marc:leader>03642 am a  002533u     </marc:leader>
    <marc:datafield tag="042" ind1=" " ind2=" ">
      <marc:subfield code="a">dc</marc:subfield>
    </marc:datafield>
    <marc:datafield tag="100" ind1="1" ind2="0">
      <marc:subfield code="a">GONZÁLEZ ÁLVAREZ, Sandra</marc:subfield>
      <marc:subfield code="e">author</marc:subfield>
    </marc:datafield>
    <marc:datafield tag="245" ind1="0" ind2="0">
      <marc:subfield code="a">Buscando un nuevo modelo de ciudad desde la participación protagónica de la infancia y la adolescencia. “A Vila do Mañá”</marc:subfield>
    </marc:datafield>
    <marc:datafield tag="260" ind1=" " ind2=" ">
      <marc:subfield code="b">Universidad de Buenos Aires. Facultad de Arquitectura, Diseño y Urbanismo. Instituto de la Espacialidad Humana. Programa GADU, </marc:subfield>
      <marc:subfield code="c">2024-05-21.</marc:subfield>
    </marc:datafield>
    <marc:datafield tag="500" ind1=" " ind2=" ">
      <marc:subfield code="a">https://publicacionescientificas.fadu.uba.ar/index.php/GADU/article/view/2561</marc:subfield>
    </marc:datafield>
    <marc:datafield tag="520" ind1=" " ind2=" ">
      <marc:subfield code="a">“A Vila do Mañá” es un proyecto educativo y de acción, cuyo reto principal es que la infancia y la adolescencia estén presentes de forma activa en los procesos de construcción del espacio común (plaza, barrio, ciudad, paisaje, …) dotándolos de las herramientas necesarias para desarrollar su creatividad (desde el arte y la arquitectura), y que través del juego, se tome conciencia de todas las escalas de lo común. A la vez que desde la disciplina arquitectónica se obtenga una nueva visión de la ciudad, que es aquella que nos aportan los que serán los habitantes del mañana. Cuando nace “A Vila do Mañá” en el año 2016, difícilmente se podría imaginar un mañana tan desconcertante como el que nos ha tocado vivir. Esta inquietud se traduce también en nuestros espacios, en los lugares que habitamos, en los que trabajamos, en los que nos relacionamos… La arquitectura tiene una responsabilidad irrenunciable frente a una sociedad que se está redefiniendo. A la evidencia de la necesidad de repensar nuestros hogares y nuestras maneras de trabajo se une la reivindicación de un espacio público de calidad que no impidan la socialización y el disfrute de los espacios compartidos. “A Vila do Mañá” saca a las niñas, niños y adolescentes a la calle para explorar y construir estos espacios a través del juego, convertidos en homo ludens (Huizinga, 2008) que, con una serie limitada de elementos, van a organizar libremente su entorno, su particular Nueva Babilonia, la utopía de Constant Nieuwenhuys (2009) en la que la sociedad nómada adapta constantemente su propio entorno. Su experiencia no se queda en una semana de fiesta en la ciudad, sino que les permite reconquistar el espacio como propio y generar sinergias que salpiquen al resto de la sociedad. Es necesario observar la mirada desprejuiciada de los que están acostumbrados a explorar por primera vez y que, frente a las reservas del mundo adulto, se dejan arrastrar por la curiosidad. Históricamente, después de las grandes crisis, la arquitectura siempre supo dar respuestas creativas para la nueva sociedad. En este sentido debemos de trabajar hoy desde la arquitectura y el urbanismo, en esto está “A Vila do Mañá” buscando un nuevo modelo de ciudad donde la infancia y la adolescencia sea parte de la ciudadanía activa y tenga una participación protagónica.</marc:subfield>
    </marc:datafield>
    <marc:datafield tag="540" ind1=" " ind2=" ">
      <marc:subfield code="a">Derechos de autor 2024 GADU: Género, Arquitectura, Diseño y Urbanismo</marc:subfield>
    </marc:datafield>
    <marc:datafield tag="546" ind1=" " ind2=" ">
      <marc:subfield code="a">spa</marc:subfield>
    </marc:datafield>
    <marc:datafield tag="690" ind1=" " ind2=" ">
      <marc:subfield code="a">participación-protagónica</marc:subfield>
    </marc:datafield>
    <marc:datafield tag="690" ind1=" " ind2=" ">
      <marc:subfield code="a">infancia</marc:subfield>
    </marc:datafield>
    <marc:datafield tag="690" ind1=" " ind2=" ">
      <marc:subfield code="a">ciudad</marc:subfield>
    </marc:datafield>
    <marc:datafield tag="690" ind1=" " ind2=" ">
      <marc:subfield code="a">derecho</marc:subfield>
    </marc:datafield>
    <marc:datafield tag="690" ind1=" " ind2=" ">
      <marc:subfield code="a">juego</marc:subfield>
    </marc:datafield>
    <marc:datafield tag="655" ind1="7" ind2=" ">
      <marc:subfield code="a">info:eu-repo/semantics/article</marc:subfield>
      <marc:subfield code="2">local</marc:subfield>
    </marc:datafield>
    <marc:datafield tag="655" ind1="7" ind2=" ">
      <marc:subfield code="a">info:eu-repo/semantics/publishedVersion</marc:subfield>
      <marc:subfield code="2">local</marc:subfield>
    </marc:datafield>
    <marc:datafield tag="655" ind1="7" ind2=" ">
      <marc:subfield code="a">info:ar-repo/semantics/articulo</marc:subfield>
      <marc:subfield code="2">local</marc:subfield>
    </marc:datafield>
    <marc:datafield tag="786" ind1="0" ind2=" ">
      <marc:subfield code="n">GADU: Género, Arquitectura, Diseño y Urbanismo; Núm. 001 (2022): Actas GADU 2022</marc:subfield>
    </marc:datafield>
    <marc:datafield tag="787" ind1="0" ind2=" ">
      <marc:subfield code="n">https://publicacionescientificas.fadu.uba.ar/index.php/GADU/article/view/2561/2695</marc:subfield>
    </marc:datafield>
    <marc:datafield tag="856" ind1="4" ind2="1">
      <marc:subfield code="u">https://repositoriouba.sisbi.uba.ar/gsdl/cgi-bin/library.cgi?a=d&amp;c=gadu&amp;d=2561_oai</marc:subfield>
      <marc:subfield code="z">Connect to this object online.</marc:subfield>
    </marc:datafield>
  </marc:record>