
  <marc:record>
    <marc:leader>03531 am a  003013u     </marc:leader>
    <marc:datafield tag="042" ind1=" " ind2=" ">
      <marc:subfield code="a">dc</marc:subfield>
    </marc:datafield>
    <marc:datafield tag="100" ind1="1" ind2="0">
      <marc:subfield code="a">TEDESCO, Carolina</marc:subfield>
      <marc:subfield code="e">author</marc:subfield>
    </marc:datafield>
    <marc:datafield tag="700" ind1="1" ind2="0">
      <marc:subfield code="a">ARISTEI, María Emilia</marc:subfield>
      <marc:subfield code="e">author</marc:subfield>
    </marc:datafield>
    <marc:datafield tag="700" ind1="1" ind2="0">
      <marc:subfield code="a">SUTTER, Julieta</marc:subfield>
      <marc:subfield code="e">author</marc:subfield>
    </marc:datafield>
    <marc:datafield tag="700" ind1="1" ind2="0">
      <marc:subfield code="a">ALVAREZ DO BOMFIM, Fernanda</marc:subfield>
      <marc:subfield code="e">author</marc:subfield>
    </marc:datafield>
    <marc:datafield tag="700" ind1="1" ind2="0">
      <marc:subfield code="a">CUESTA, Samanta</marc:subfield>
      <marc:subfield code="e">author</marc:subfield>
    </marc:datafield>
    <marc:datafield tag="245" ind1="0" ind2="0">
      <marc:subfield code="a">Primeras intuiciones de una red colectiva sobre desigualdades de género para el conurbano bonaerense Sur</marc:subfield>
    </marc:datafield>
    <marc:datafield tag="260" ind1=" " ind2=" ">
      <marc:subfield code="b">Universidad de Buenos Aires. Facultad de Arquitectura, Diseño y Urbanismo. Instituto de la Espacialidad Humana. Programa GADU, </marc:subfield>
      <marc:subfield code="c">2024-05-22.</marc:subfield>
    </marc:datafield>
    <marc:datafield tag="500" ind1=" " ind2=" ">
      <marc:subfield code="a">https://publicacionescientificas.fadu.uba.ar/index.php/GADU/article/view/2604</marc:subfield>
    </marc:datafield>
    <marc:datafield tag="520" ind1=" " ind2=" ">
      <marc:subfield code="a">Audiovisual La Colectiva docente feminista DADU - UNDAV se conforma en el año 2020 por un grupo de investigadoras, diseñadoras, arquitectas, docentes y profesionales que integramos el departamento de Arquitectura, Diseño y Urbanismo y el Centro de Estudios del Habitar Popular de la Universidad Nacional de Avellaneda, motorizadas por inquietudes comunes que nos encontraron debatiendo y reflexionando sobre la perspectiva de géneros en nuestras disciplinas en reuniones virtuales, producto del aislamiento por la pandemia Covid-19. Este quehacer colectivo fue tomando forma de escritos, dibujos, voces, sonidos, miradas y experiencias múltiples que se fundieron en un formato audiovisual, en donde reflejamos y compartimos vivencias de nuestro territorio inmediato. Con las ganas de ser protagonistas, en nuestro rol docente de producir conocimiento, para generar nuevas prácticas y espacios más justos, donde se ponga como centro la vida y el goce de todas las personas. El video muestra nuestros intereses y cuestionamientos con respecto a la forma de producción y reproducción de la vida en nuestras ciudades, en un tejido denso, que replica desigualdades socio económicas y de géneros. Creemos que es desde el feminismo y desde el trabajo colectivo que es posible transformar estas lógicas estructurales. La exposición del video con motivo de la presentación de la colectiva en el encuentro “Hacia una arquitectura y un urbanismo feministas. Visiones desde el conurbano bonaerense.” realizado durante el 2020, contó con la participación de Ana Falú, Sandra Ferreyra y la colectiva Ciudad del Deseo. Luego de esta instancia, quienes conformamos esta red, hemos participado en jornadas, congresos y workshops sobre temáticas de urbanismo, vivienda y docencia, en clave de géneros. En la actualidad estamos desarrollando el Seminario “Cuerpos y Territorios” de manera presencial, cuya intención principal es la de generar un espacio pedagógico que reflexione desde una perspectiva feminista las problemáticas de hábitat y nutrir de este modo la discusión en otras materias de la carrera de Arquitectura.</marc:subfield>
    </marc:datafield>
    <marc:datafield tag="540" ind1=" " ind2=" ">
      <marc:subfield code="a">Derechos de autor 2024 GADU: Género, Arquitectura, Diseño y Urbanismo</marc:subfield>
    </marc:datafield>
    <marc:datafield tag="546" ind1=" " ind2=" ">
      <marc:subfield code="a">spa</marc:subfield>
    </marc:datafield>
    <marc:datafield tag="690" ind1=" " ind2=" ">
      <marc:subfield code="a">género</marc:subfield>
    </marc:datafield>
    <marc:datafield tag="690" ind1=" " ind2=" ">
      <marc:subfield code="a">territorios</marc:subfield>
    </marc:datafield>
    <marc:datafield tag="690" ind1=" " ind2=" ">
      <marc:subfield code="a">conurbano</marc:subfield>
    </marc:datafield>
    <marc:datafield tag="690" ind1=" " ind2=" ">
      <marc:subfield code="a">arquitectura</marc:subfield>
    </marc:datafield>
    <marc:datafield tag="690" ind1=" " ind2=" ">
      <marc:subfield code="a">red</marc:subfield>
    </marc:datafield>
    <marc:datafield tag="655" ind1="7" ind2=" ">
      <marc:subfield code="a">info:eu-repo/semantics/article</marc:subfield>
      <marc:subfield code="2">local</marc:subfield>
    </marc:datafield>
    <marc:datafield tag="655" ind1="7" ind2=" ">
      <marc:subfield code="a">info:eu-repo/semantics/publishedVersion</marc:subfield>
      <marc:subfield code="2">local</marc:subfield>
    </marc:datafield>
    <marc:datafield tag="655" ind1="7" ind2=" ">
      <marc:subfield code="a">info:ar-repo/semantics/articulo</marc:subfield>
      <marc:subfield code="2">local</marc:subfield>
    </marc:datafield>
    <marc:datafield tag="786" ind1="0" ind2=" ">
      <marc:subfield code="n">GADU: Género, Arquitectura, Diseño y Urbanismo; Núm. 001 (2022): Actas GADU 2022</marc:subfield>
    </marc:datafield>
    <marc:datafield tag="787" ind1="0" ind2=" ">
      <marc:subfield code="n">https://publicacionescientificas.fadu.uba.ar/index.php/GADU/article/view/2604/2747</marc:subfield>
    </marc:datafield>
    <marc:datafield tag="856" ind1="4" ind2="1">
      <marc:subfield code="u">https://repositoriouba.sisbi.uba.ar/gsdl/cgi-bin/library.cgi?a=d&amp;c=gadu&amp;d=2604_oai</marc:subfield>
      <marc:subfield code="z">Connect to this object online.</marc:subfield>
    </marc:datafield>
  </marc:record>