
  <marc:record>
    <marc:leader>02894 am a  002413u     </marc:leader>
    <marc:datafield tag="042" ind1=" " ind2=" ">
      <marc:subfield code="a">dc</marc:subfield>
    </marc:datafield>
    <marc:datafield tag="100" ind1="1" ind2="0">
      <marc:subfield code="a">GODINHO LIMA, Ana Gabriela</marc:subfield>
      <marc:subfield code="e">author</marc:subfield>
    </marc:datafield>
    <marc:datafield tag="245" ind1="0" ind2="0">
      <marc:subfield code="a">Construção das narrativas professorais em sala de aula: questões de gênero e decolonialidade</marc:subfield>
    </marc:datafield>
    <marc:datafield tag="260" ind1=" " ind2=" ">
      <marc:subfield code="b">Universidad de Buenos Aires. Facultad de Arquitectura, Diseño y Urbanismo. Instituto de la Espacialidad Humana. Programa GADU, </marc:subfield>
      <marc:subfield code="c">2024-05-21.</marc:subfield>
    </marc:datafield>
    <marc:datafield tag="500" ind1=" " ind2=" ">
      <marc:subfield code="a">https://publicacionescientificas.fadu.uba.ar/index.php/GADU/article/view/2595</marc:subfield>
    </marc:datafield>
    <marc:datafield tag="520" ind1=" " ind2=" ">
      <marc:subfield code="a">En las aulas universitarias, la realidad de la arquitectura sólo se evoca a través de representaciones narrativas, textuales e imaginarias. Lo que realmente está sucediendo es la práctica docente, a través de la cual los profesores buscan comunicar a los estudiantes sus propias interpretaciones de lo que es válido y creíble en el mundo de la arquitectura. En el aula, los docentes movilizan sus propios arsenales personales de referencias, construidos a través de sus estudios, actividades culturales y diálogos con colegas del entorno. Los estudiantes, por su parte, se esfuerzan en dos dimensiones importantes: el desarrollo de competencias profesionales y la identidad profesional. En este proceso, las narrativas que traen los docentes al aula tienden a asumir la connotación de discursos dominantes sobre la profesión. El contenido de estas narrativas, por lo tanto, asume un fuerte rol estructurante en las identidades de los estudiantes. En situaciones de enseñanza donde predominan las referencias americanas, europeas y masculinas, podemos identificar al menos una disonancia en el escenario latinoamericano, con su mayoría de alumnas. En este sentido, la oferta de contenidos y narrativas en las que las jóvenes arquitectas latinoamericanas aparecen como referentes puede no solo ejercer un efecto renovador, sino también brindar modelos más apropiados desde los cuales las estudiantes latinoamericanas de arquitectura puedan dialogar en el proceso de construcción de sus propias capacidades e identidades. En este artículo, discutimos tres ejemplos de trabajos desarrollados por jóvenes arquitectas que están investigando arquitectura que parecen señalar estos caminos.</marc:subfield>
    </marc:datafield>
    <marc:datafield tag="540" ind1=" " ind2=" ">
      <marc:subfield code="a">Derechos de autor 2024 GADU: Género, Arquitectura, Diseño y Urbanismo</marc:subfield>
    </marc:datafield>
    <marc:datafield tag="546" ind1=" " ind2=" ">
      <marc:subfield code="a">spa</marc:subfield>
    </marc:datafield>
    <marc:datafield tag="690" ind1=" " ind2=" ">
      <marc:subfield code="a">género</marc:subfield>
    </marc:datafield>
    <marc:datafield tag="690" ind1=" " ind2=" ">
      <marc:subfield code="a">arquitectura</marc:subfield>
    </marc:datafield>
    <marc:datafield tag="690" ind1=" " ind2=" ">
      <marc:subfield code="a">diseño</marc:subfield>
    </marc:datafield>
    <marc:datafield tag="690" ind1=" " ind2=" ">
      <marc:subfield code="a">urbanismo</marc:subfield>
    </marc:datafield>
    <marc:datafield tag="655" ind1="7" ind2=" ">
      <marc:subfield code="a">info:eu-repo/semantics/article</marc:subfield>
      <marc:subfield code="2">local</marc:subfield>
    </marc:datafield>
    <marc:datafield tag="655" ind1="7" ind2=" ">
      <marc:subfield code="a">info:eu-repo/semantics/publishedVersion</marc:subfield>
      <marc:subfield code="2">local</marc:subfield>
    </marc:datafield>
    <marc:datafield tag="655" ind1="7" ind2=" ">
      <marc:subfield code="a">info:ar-repo/semantics/articulo</marc:subfield>
      <marc:subfield code="2">local</marc:subfield>
    </marc:datafield>
    <marc:datafield tag="786" ind1="0" ind2=" ">
      <marc:subfield code="n">GADU: Género, Arquitectura, Diseño y Urbanismo; Núm. 001 (2022): Actas GADU 2022</marc:subfield>
    </marc:datafield>
    <marc:datafield tag="787" ind1="0" ind2=" ">
      <marc:subfield code="n">https://publicacionescientificas.fadu.uba.ar/index.php/GADU/article/view/2595/2738</marc:subfield>
    </marc:datafield>
    <marc:datafield tag="856" ind1="4" ind2="1">
      <marc:subfield code="u">https://repositoriouba.sisbi.uba.ar/gsdl/cgi-bin/library.cgi?a=d&amp;c=gadu&amp;d=2595_oai</marc:subfield>
      <marc:subfield code="z">Connect to this object online.</marc:subfield>
    </marc:datafield>
  </marc:record>