
  <marc:record>
    <marc:leader>04029 am a  003613u     </marc:leader>
    <marc:datafield tag="042" ind1=" " ind2=" ">
      <marc:subfield code="a">dc</marc:subfield>
    </marc:datafield>
    <marc:datafield tag="100" ind1="1" ind2="0">
      <marc:subfield code="a">SEGURA, Mariana</marc:subfield>
      <marc:subfield code="e">author</marc:subfield>
    </marc:datafield>
    <marc:datafield tag="700" ind1="1" ind2="0">
      <marc:subfield code="a">GÜIDA, Soledad</marc:subfield>
      <marc:subfield code="e">author</marc:subfield>
    </marc:datafield>
    <marc:datafield tag="700" ind1="1" ind2="0">
      <marc:subfield code="a">SUÁREZ, Silvina</marc:subfield>
      <marc:subfield code="e">author</marc:subfield>
    </marc:datafield>
    <marc:datafield tag="700" ind1="1" ind2="0">
      <marc:subfield code="a">TESTA, Noelia</marc:subfield>
      <marc:subfield code="e">author</marc:subfield>
    </marc:datafield>
    <marc:datafield tag="700" ind1="1" ind2="0">
      <marc:subfield code="a">DI MATTEO, Lorena</marc:subfield>
      <marc:subfield code="e">author</marc:subfield>
    </marc:datafield>
    <marc:datafield tag="700" ind1="1" ind2="0">
      <marc:subfield code="a">MOLINARO, Cecilia</marc:subfield>
      <marc:subfield code="e">author</marc:subfield>
    </marc:datafield>
    <marc:datafield tag="700" ind1="1" ind2="0">
      <marc:subfield code="a">OLIVEIRA, Rocío</marc:subfield>
      <marc:subfield code="e">author</marc:subfield>
    </marc:datafield>
    <marc:datafield tag="700" ind1="1" ind2="0">
      <marc:subfield code="a">CHAMORRO, David</marc:subfield>
      <marc:subfield code="e">author</marc:subfield>
    </marc:datafield>
    <marc:datafield tag="700" ind1="1" ind2="0">
      <marc:subfield code="a">BORDENAVE, Alejandra</marc:subfield>
      <marc:subfield code="e">author</marc:subfield>
    </marc:datafield>
    <marc:datafield tag="700" ind1="1" ind2="0">
      <marc:subfield code="a">ALONZO, Mónica</marc:subfield>
      <marc:subfield code="e">author</marc:subfield>
    </marc:datafield>
    <marc:datafield tag="245" ind1="0" ind2="0">
      <marc:subfield code="a">Manual de Mesa de Gestión para barrios populares.  Un aporte a la gestión participativa con perspectiva de género</marc:subfield>
    </marc:datafield>
    <marc:datafield tag="260" ind1=" " ind2=" ">
      <marc:subfield code="b">Universidad de Buenos Aires. Facultad de Arquitectura, Diseño y Urbanismo. Instituto de la Espacialidad Humana. Programa GADU, </marc:subfield>
      <marc:subfield code="c">2024-05-22.</marc:subfield>
    </marc:datafield>
    <marc:datafield tag="500" ind1=" " ind2=" ">
      <marc:subfield code="a">https://publicacionescientificas.fadu.uba.ar/index.php/GADU/article/view/2608</marc:subfield>
    </marc:datafield>
    <marc:datafield tag="520" ind1=" " ind2=" ">
      <marc:subfield code="a">El presente Manual da cuenta de las principales características que tienen o deberían tener las Mesas de Gestión, partiendo de mencionar que, respecto de estos espacios de participación, no hay una única definición, sino que se pueden evidenciar diferentes configuraciones en cuanto a formatos, conceptos y metodologías. Las Mesas de Gestión se constituyen como un modelo de construcción colectiva que se basa en el diálogo primordialmente y el trabajo mancomunado de lxs actores tanto a modo gubernamental -nacional, provincial y municipal- y de la sociedad misma que estará representada con distintas voces que van a buscar el fortalecimiento y la incidencia de las políticas sociales en el territorio, entendiendo las diferentes necesidades, realidades, que permitan promover el desarrollo local. Cada una de las partes desde el consenso y con sus diferencias, buscarán con sus ideas, con la convicción del mejoramiento de los barrios y de la calidad de vida de sus habitantes, avanzar desde la diversidad de voces y el hacer conciso, colectivo, perfilar hacia la consolidación de una comunidad. Desde la perspectiva de género, creemos que la participación de las mujeres en mesas decisorias es un hecho clave para contar no solo con sus propias voces, sino porque, casi como extensión del mandato de cuidado en los hogares, también son las mujeres las que se hacen cargo del barrio. Entonces este Manual de Mesa de Gestión, se desarrolló desde el inicio con una perspectiva feminista, que promueva la inclusión de las mujeres de los barrios en los debates sobre su propio territorio, y a futuro sobre toda la ciudad. La Mesa de Gestión no propone un modelo único, determina un proceso diverso de construcción de saberes, estrategias y herramientas que se articulan de manera dinámica, a partir de las experiencias y conflictos propios. La guía busca encaminarse como una herramienta facilitadora al momento de transferir técnicas, propuestas, mecanismos de participación y diálogo que permitan consolidar la concertación entre los Municipios y la Comunidad. Si bien el primer destinatario es el sector gubernamental, desde el mismo manual se propone asistir a les referentes del barrio en su autoorganización, sin dependencia del Estado. Mas específicamente, se insiste en garantizar las posibilidades de participación de todas las mujeres del barrio, con énfasis en las referentas.</marc:subfield>
    </marc:datafield>
    <marc:datafield tag="540" ind1=" " ind2=" ">
      <marc:subfield code="a">Derechos de autor 2024 GADU: Género, Arquitectura, Diseño y Urbanismo</marc:subfield>
    </marc:datafield>
    <marc:datafield tag="546" ind1=" " ind2=" ">
      <marc:subfield code="a">spa</marc:subfield>
    </marc:datafield>
    <marc:datafield tag="690" ind1=" " ind2=" ">
      <marc:subfield code="a">Gestión</marc:subfield>
    </marc:datafield>
    <marc:datafield tag="690" ind1=" " ind2=" ">
      <marc:subfield code="a">Participación</marc:subfield>
    </marc:datafield>
    <marc:datafield tag="690" ind1=" " ind2=" ">
      <marc:subfield code="a">Consensos</marc:subfield>
    </marc:datafield>
    <marc:datafield tag="690" ind1=" " ind2=" ">
      <marc:subfield code="a">Mujeres</marc:subfield>
    </marc:datafield>
    <marc:datafield tag="690" ind1=" " ind2=" ">
      <marc:subfield code="a">Procesos Decisorios</marc:subfield>
    </marc:datafield>
    <marc:datafield tag="655" ind1="7" ind2=" ">
      <marc:subfield code="a">info:eu-repo/semantics/article</marc:subfield>
      <marc:subfield code="2">local</marc:subfield>
    </marc:datafield>
    <marc:datafield tag="655" ind1="7" ind2=" ">
      <marc:subfield code="a">info:eu-repo/semantics/publishedVersion</marc:subfield>
      <marc:subfield code="2">local</marc:subfield>
    </marc:datafield>
    <marc:datafield tag="655" ind1="7" ind2=" ">
      <marc:subfield code="a">info:ar-repo/semantics/articulo</marc:subfield>
      <marc:subfield code="2">local</marc:subfield>
    </marc:datafield>
    <marc:datafield tag="786" ind1="0" ind2=" ">
      <marc:subfield code="n">GADU: Género, Arquitectura, Diseño y Urbanismo; Núm. 001 (2022): Actas GADU 2022</marc:subfield>
    </marc:datafield>
    <marc:datafield tag="787" ind1="0" ind2=" ">
      <marc:subfield code="n">https://publicacionescientificas.fadu.uba.ar/index.php/GADU/article/view/2608/2751</marc:subfield>
    </marc:datafield>
    <marc:datafield tag="856" ind1="4" ind2="1">
      <marc:subfield code="u">https://repositoriouba.sisbi.uba.ar/gsdl/cgi-bin/library.cgi?a=d&amp;c=gadu&amp;d=2608_oai</marc:subfield>
      <marc:subfield code="z">Connect to this object online.</marc:subfield>
    </marc:datafield>
  </marc:record>