
  <marc:record>
    <marc:leader>02887 am a  002533u     </marc:leader>
    <marc:datafield tag="042" ind1=" " ind2=" ">
      <marc:subfield code="a">dc</marc:subfield>
    </marc:datafield>
    <marc:datafield tag="100" ind1="1" ind2="0">
      <marc:subfield code="a">CAPELLA, Florencia</marc:subfield>
      <marc:subfield code="e">author</marc:subfield>
    </marc:datafield>
    <marc:datafield tag="245" ind1="0" ind2="0">
      <marc:subfield code="a">Contraimagen. Ensayo visual sobre el género en el arte</marc:subfield>
    </marc:datafield>
    <marc:datafield tag="260" ind1=" " ind2=" ">
      <marc:subfield code="b">Universidad de Buenos Aires. Facultad de Arquitectura, Diseño y Urbanismo. Instituto de la Espacialidad Humana. Programa GADU, </marc:subfield>
      <marc:subfield code="c">2024-05-22.</marc:subfield>
    </marc:datafield>
    <marc:datafield tag="500" ind1=" " ind2=" ">
      <marc:subfield code="a">https://publicacionescientificas.fadu.uba.ar/index.php/GADU/article/view/2613</marc:subfield>
    </marc:datafield>
    <marc:datafield tag="520" ind1=" " ind2=" ">
      <marc:subfield code="a">No hay padres en el arte. En general hay muy pocas imágenes de paternidades. Cuando están, acompañan, no paternan. Supongo que esto se me puso en evidencia cuando comencé a pensar en el tema de la maternidad. Y los padres, ¿dónde están? Entonces comencé a buscarlos y decidí empezar por pinturas famosas, esas que aparecen en las historias del arte. Tomé este punto de partida por tres motivos. En primer lugar, no quería imágenes desconocidas o excepcionales. Al contrario, buscaba esas que están instauradas en el imaginario colectivo. A su vez, buscaba que fueran “imágenes oficiales”, legitimadas por las instituciones culturales. Y, por último, por un motivo personal: son las pinturas que me formaron, las que siempre admiré y amé. Tomé las historias del arte que tenía a mano, entre las cuales están los fascículos “Pinacoteca de los Genios”, que me marcaron en mi niñez y fueron mi primera aproximación al tema. Nada de paternidades… Bueno, tan sólo un par: Saturno comiéndose a los hijos y Abraham dispuesto a sacrificar a Isaac. No podía entender que no hubiera padres en la historia de la representación visual que no quisieran asesinar a sus hijxs. Por supuesto, madres y más madres se reproducen prolíficamente. Tuve la necesidad de dibujar esos mismos cuadros de madonnas e invertirlos, transformarlos todos en papás con bebas. Esto me gustó, se sintió bien, y seguí. Comenzaron a aflorar otros temas. Se llenó de hombres blancos ejerciendo tareas de servicio y cuidado. Mientras, ellas leían el diario, fumaban y bebían. Aparecieron mujeres guerreando o haciendo uso de la violencia. Y cientos de hombres vaporosos, sutiles, pudorosos.</marc:subfield>
    </marc:datafield>
    <marc:datafield tag="540" ind1=" " ind2=" ">
      <marc:subfield code="a">Derechos de autor 2024 GADU: Género, Arquitectura, Diseño y Urbanismo</marc:subfield>
    </marc:datafield>
    <marc:datafield tag="546" ind1=" " ind2=" ">
      <marc:subfield code="a">spa</marc:subfield>
    </marc:datafield>
    <marc:datafield tag="690" ind1=" " ind2=" ">
      <marc:subfield code="a">género</marc:subfield>
    </marc:datafield>
    <marc:datafield tag="690" ind1=" " ind2=" ">
      <marc:subfield code="a">historia del arte</marc:subfield>
    </marc:datafield>
    <marc:datafield tag="690" ind1=" " ind2=" ">
      <marc:subfield code="a">representación visual</marc:subfield>
    </marc:datafield>
    <marc:datafield tag="690" ind1=" " ind2=" ">
      <marc:subfield code="a">estereotipos</marc:subfield>
    </marc:datafield>
    <marc:datafield tag="690" ind1=" " ind2=" ">
      <marc:subfield code="a">binarismo</marc:subfield>
    </marc:datafield>
    <marc:datafield tag="655" ind1="7" ind2=" ">
      <marc:subfield code="a">info:eu-repo/semantics/article</marc:subfield>
      <marc:subfield code="2">local</marc:subfield>
    </marc:datafield>
    <marc:datafield tag="655" ind1="7" ind2=" ">
      <marc:subfield code="a">info:eu-repo/semantics/publishedVersion</marc:subfield>
      <marc:subfield code="2">local</marc:subfield>
    </marc:datafield>
    <marc:datafield tag="655" ind1="7" ind2=" ">
      <marc:subfield code="a">info:ar-repo/semantics/articulo</marc:subfield>
      <marc:subfield code="2">local</marc:subfield>
    </marc:datafield>
    <marc:datafield tag="786" ind1="0" ind2=" ">
      <marc:subfield code="n">GADU: Género, Arquitectura, Diseño y Urbanismo; Núm. 001 (2022): Actas GADU 2022</marc:subfield>
    </marc:datafield>
    <marc:datafield tag="787" ind1="0" ind2=" ">
      <marc:subfield code="n">https://publicacionescientificas.fadu.uba.ar/index.php/GADU/article/view/2613/2756</marc:subfield>
    </marc:datafield>
    <marc:datafield tag="856" ind1="4" ind2="1">
      <marc:subfield code="u">https://repositoriouba.sisbi.uba.ar/gsdl/cgi-bin/library.cgi?a=d&amp;c=gadu&amp;d=2613_oai</marc:subfield>
      <marc:subfield code="z">Connect to this object online.</marc:subfield>
    </marc:datafield>
  </marc:record>