
  <marc:record>
    <marc:leader>03364 am a  002293u     </marc:leader>
    <marc:datafield tag="042" ind1=" " ind2=" ">
      <marc:subfield code="a">dc</marc:subfield>
    </marc:datafield>
    <marc:datafield tag="100" ind1="1" ind2="0">
      <marc:subfield code="a">MANGO, María Luz</marc:subfield>
      <marc:subfield code="e">author</marc:subfield>
    </marc:datafield>
    <marc:datafield tag="245" ind1="0" ind2="0">
      <marc:subfield code="a">Ocupar la calle entre el conventillo y la acción performativa</marc:subfield>
    </marc:datafield>
    <marc:datafield tag="260" ind1=" " ind2=" ">
      <marc:subfield code="b">Universidad de Buenos Aires. Facultad de Arquitectura, Diseño y Urbanismo. Instituto de la Espacialidad Humana. Programa GADU, </marc:subfield>
      <marc:subfield code="c">2024-05-08.</marc:subfield>
    </marc:datafield>
    <marc:datafield tag="500" ind1=" " ind2=" ">
      <marc:subfield code="a">https://publicacionescientificas.fadu.uba.ar/index.php/GADU/article/view/2533</marc:subfield>
    </marc:datafield>
    <marc:datafield tag="520" ind1=" " ind2=" ">
      <marc:subfield code="a">El escenario en el que esta ponencia recala es un complejo entramado de relaciones políticas locales e internacionales, que iniciaron en torno a 1880 y que ubica a la figura del inmigrante como principal agente urbano de la Ciudad de Buenos Aires. El cambio económico-productivo del periodo se reflejó en la creciente infraestructura portuaria- ferroviaria que resultó convocante para la mano de obra migrante y que se tradujo en materia de vivienda en una nueva tipología habitacional: el conventillo. Este era el alojamiento colectivo más identificable del centro porteño y punto de acogida de lxs recién llegados a la ciudad. Ante las condiciones de hacinamiento, insalubridad y altos alquileres, ocurre la “Huelga de las escobas”, que inicia en el sur de la Ciudad de Buenos Aires y se expande a otros centros urbanos en expansión. Este acontecimiento, es la primera huelga que se da en materia de vivienda y cuyo objeto de reclamo gira en torno a las actividades domésticas y reproductivas. Ante este escenario, de insalubridad y marginalidad latente, en septiembre de 1907, comienzan las primeras manifestaciones con las mujeres como líderes de acción, reclamando mejoras habitacionales y reducción de los alquileres. Desde los patios de los conventillos, ahora espacios de asamblea, las voces de Juana Rouco Buela y Virginia Bolten, ambas anarquistas, resonaban entre lo segregativo e informal de esta convivencia. Nos encontramos ante un nuevo escenario, donde la figura de la mujer emerge en la vía pública como protagonista y activista. Así, la ocupación de la calle como cuerpo político colectivo tiene una implicancia medular para comprender las estrategias de transformación y apropiación del contexto construido. Así la deriva de un padecimiento doméstico, discutido en el patio conventillero y exteriorizado en el espacio público, se convierte en una acción performativa que culmina, escoba en mano, con la toma del espacio público Indagar sobre estos eventos performativos, en donde el cuerpo femenino se presenta disruptivo nos permitiría comprender el carácter transformador de los cuerpos en el espacio, como son los modos de apropiación y el potencial transformador sobre los entornos materiales.</marc:subfield>
    </marc:datafield>
    <marc:datafield tag="540" ind1=" " ind2=" ">
      <marc:subfield code="a">Derechos de autor 2024 GADU: Género, Arquitectura, Diseño y Urbanismo</marc:subfield>
    </marc:datafield>
    <marc:datafield tag="546" ind1=" " ind2=" ">
      <marc:subfield code="a">spa</marc:subfield>
    </marc:datafield>
    <marc:datafield tag="690" ind1=" " ind2=" ">
      <marc:subfield code="a">género</marc:subfield>
    </marc:datafield>
    <marc:datafield tag="690" ind1=" " ind2=" ">
      <marc:subfield code="a">habitar</marc:subfield>
    </marc:datafield>
    <marc:datafield tag="690" ind1=" " ind2=" ">
      <marc:subfield code="a">huelga</marc:subfield>
    </marc:datafield>
    <marc:datafield tag="655" ind1="7" ind2=" ">
      <marc:subfield code="a">info:eu-repo/semantics/article</marc:subfield>
      <marc:subfield code="2">local</marc:subfield>
    </marc:datafield>
    <marc:datafield tag="655" ind1="7" ind2=" ">
      <marc:subfield code="a">info:eu-repo/semantics/publishedVersion</marc:subfield>
      <marc:subfield code="2">local</marc:subfield>
    </marc:datafield>
    <marc:datafield tag="655" ind1="7" ind2=" ">
      <marc:subfield code="a">info:ar-repo/semantics/articulo</marc:subfield>
      <marc:subfield code="2">local</marc:subfield>
    </marc:datafield>
    <marc:datafield tag="786" ind1="0" ind2=" ">
      <marc:subfield code="n">GADU: Género, Arquitectura, Diseño y Urbanismo; Núm. 001 (2022): Actas GADU 2022</marc:subfield>
    </marc:datafield>
    <marc:datafield tag="787" ind1="0" ind2=" ">
      <marc:subfield code="n">https://publicacionescientificas.fadu.uba.ar/index.php/GADU/article/view/2533/2672</marc:subfield>
    </marc:datafield>
    <marc:datafield tag="856" ind1="4" ind2="1">
      <marc:subfield code="u">https://repositoriouba.sisbi.uba.ar/gsdl/cgi-bin/library.cgi?a=d&amp;c=gadu&amp;d=2533_oai</marc:subfield>
      <marc:subfield code="z">Connect to this object online.</marc:subfield>
    </marc:datafield>
  </marc:record>