
  <marc:record>
    <marc:leader>03129 am a  002893u     </marc:leader>
    <marc:datafield tag="042" ind1=" " ind2=" ">
      <marc:subfield code="a">dc</marc:subfield>
    </marc:datafield>
    <marc:datafield tag="100" ind1="1" ind2="0">
      <marc:subfield code="a">GUEVARA, Adriana</marc:subfield>
      <marc:subfield code="e">author</marc:subfield>
    </marc:datafield>
    <marc:datafield tag="700" ind1="1" ind2="0">
      <marc:subfield code="a">SPINELLI, Sofía</marc:subfield>
      <marc:subfield code="e">author</marc:subfield>
    </marc:datafield>
    <marc:datafield tag="245" ind1="0" ind2="0">
      <marc:subfield code="a">Pedagogías del cuidado – PUr en el taller a77</marc:subfield>
    </marc:datafield>
    <marc:datafield tag="260" ind1=" " ind2=" ">
      <marc:subfield code="b">Universidad de Buenos Aires. Facultad de Arquitectura, Diseño y Urbanismo. Instituto de la Espacialidad Humana. Programa GADU, </marc:subfield>
      <marc:subfield code="c">2024-05-21.</marc:subfield>
    </marc:datafield>
    <marc:datafield tag="500" ind1=" " ind2=" ">
      <marc:subfield code="a">https://publicacionescientificas.fadu.uba.ar/index.php/GADU/article/view/2591</marc:subfield>
    </marc:datafield>
    <marc:datafield tag="520" ind1=" " ind2=" ">
      <marc:subfield code="a">En el año 2019 comenzamos la cátedra Taller a77, con el desafío de pensar a la ciudad en una forma contemporánea, crítica y ejecutiva. Y además, cómo tomar actuación en la historia contemporánea. Todo supone que esta es una oportunidad para repensar alternativas de aprendizaje, a la sombra de un escenario local y global que ha consolidado para nuestros ambientes una ecuación de acumulación de riqueza, extractivismo de recursos y vaciamiento de estímulos operativos y discursivos a las prácticas asociadas a los mecanismos de solidaridad. Pensar y poner en práctica un aprendizaje que nos permita pensar en una ciudad que nos incluya a todes, que admita las alteridades, que sea nutricia. Una ciudad que no sólo sea productiva, sino también cuidadora de sus habitantes. Pensar y enseñar un urbanismo de colaboración. Mientras ese tipo de ideas siga representando una mirada no hegemónica, nombraremos a este tipo de enseñanza como la de pensar en una ciudad desde una perspectiva de género. Sin embargo, consideramos que este tipo de pensamiento debería ser el que se enseñe en general en la FADU-UBA, y específicamente en Proyecto Urbano, materia de proyecto del último año de la carrera de Arquitectura y Urbanismo.  En esta ponencia presentaremos didácticas y prácticas llevadas a cabo en estos años de desarrollo del Taller, del que han surgido como líneas de investigación que incluso han trascendido la cursada, trasladándose a la vida profesional o académica de los y las estudiantes. Creemos que cuando todo parece imposible es el momento para desear la transformación y volver a desafiar a la utopía. O, en palabras del Arq. Gustavo Diéguez, titular del taller, pensar en el urbanismo como una disciplina que sería más fácil de identificar en sus objetivos si se resumiera a ser definida como la vida con los otros.</marc:subfield>
    </marc:datafield>
    <marc:datafield tag="540" ind1=" " ind2=" ">
      <marc:subfield code="a">Derechos de autor 2024 GADU: Género, Arquitectura, Diseño y Urbanismo</marc:subfield>
    </marc:datafield>
    <marc:datafield tag="546" ind1=" " ind2=" ">
      <marc:subfield code="a">spa</marc:subfield>
    </marc:datafield>
    <marc:datafield tag="690" ind1=" " ind2=" ">
      <marc:subfield code="a">género</marc:subfield>
    </marc:datafield>
    <marc:datafield tag="690" ind1=" " ind2=" ">
      <marc:subfield code="a">arquitectura</marc:subfield>
    </marc:datafield>
    <marc:datafield tag="690" ind1=" " ind2=" ">
      <marc:subfield code="a">diseño</marc:subfield>
    </marc:datafield>
    <marc:datafield tag="690" ind1=" " ind2=" ">
      <marc:subfield code="a">urbanismo colaborativo</marc:subfield>
    </marc:datafield>
    <marc:datafield tag="690" ind1=" " ind2=" ">
      <marc:subfield code="a">enseñanza</marc:subfield>
    </marc:datafield>
    <marc:datafield tag="690" ind1=" " ind2=" ">
      <marc:subfield code="a">FADU</marc:subfield>
    </marc:datafield>
    <marc:datafield tag="690" ind1=" " ind2=" ">
      <marc:subfield code="a">taller a77</marc:subfield>
    </marc:datafield>
    <marc:datafield tag="655" ind1="7" ind2=" ">
      <marc:subfield code="a">info:eu-repo/semantics/article</marc:subfield>
      <marc:subfield code="2">local</marc:subfield>
    </marc:datafield>
    <marc:datafield tag="655" ind1="7" ind2=" ">
      <marc:subfield code="a">info:eu-repo/semantics/publishedVersion</marc:subfield>
      <marc:subfield code="2">local</marc:subfield>
    </marc:datafield>
    <marc:datafield tag="655" ind1="7" ind2=" ">
      <marc:subfield code="a">info:ar-repo/semantics/articulo</marc:subfield>
      <marc:subfield code="2">local</marc:subfield>
    </marc:datafield>
    <marc:datafield tag="786" ind1="0" ind2=" ">
      <marc:subfield code="n">GADU: Género, Arquitectura, Diseño y Urbanismo; Núm. 001 (2022): Actas GADU 2022</marc:subfield>
    </marc:datafield>
    <marc:datafield tag="787" ind1="0" ind2=" ">
      <marc:subfield code="n">https://publicacionescientificas.fadu.uba.ar/index.php/GADU/article/view/2591/2734</marc:subfield>
    </marc:datafield>
    <marc:datafield tag="856" ind1="4" ind2="1">
      <marc:subfield code="u">https://repositoriouba.sisbi.uba.ar/gsdl/cgi-bin/library.cgi?a=d&amp;c=gadu&amp;d=2591_oai</marc:subfield>
      <marc:subfield code="z">Connect to this object online.</marc:subfield>
    </marc:datafield>
  </marc:record>