
  <marc:record>
    <marc:leader>03953 am a  003613u     </marc:leader>
    <marc:datafield tag="042" ind1=" " ind2=" ">
      <marc:subfield code="a">dc</marc:subfield>
    </marc:datafield>
    <marc:datafield tag="100" ind1="1" ind2="0">
      <marc:subfield code="a">VARELA, Alma</marc:subfield>
      <marc:subfield code="e">author</marc:subfield>
    </marc:datafield>
    <marc:datafield tag="700" ind1="1" ind2="0">
      <marc:subfield code="a">AÑÓN, Mariana</marc:subfield>
      <marc:subfield code="e">author</marc:subfield>
    </marc:datafield>
    <marc:datafield tag="700" ind1="1" ind2="0">
      <marc:subfield code="a">BOGLIACCINI, Lucía</marc:subfield>
      <marc:subfield code="e">author</marc:subfield>
    </marc:datafield>
    <marc:datafield tag="700" ind1="1" ind2="0">
      <marc:subfield code="a">DETOMASI, Gabriela</marc:subfield>
      <marc:subfield code="e">author</marc:subfield>
    </marc:datafield>
    <marc:datafield tag="700" ind1="1" ind2="0">
      <marc:subfield code="a">GOYOS, Fernanda</marc:subfield>
      <marc:subfield code="e">author</marc:subfield>
    </marc:datafield>
    <marc:datafield tag="700" ind1="1" ind2="0">
      <marc:subfield code="a">URRUTIA, Daniella</marc:subfield>
      <marc:subfield code="e">author</marc:subfield>
    </marc:datafield>
    <marc:datafield tag="700" ind1="1" ind2="0">
      <marc:subfield code="a">ZURMENDI, Constance</marc:subfield>
      <marc:subfield code="e">author</marc:subfield>
    </marc:datafield>
    <marc:datafield tag="700" ind1="1" ind2="0">
      <marc:subfield code="a">MOISSET, Inés</marc:subfield>
      <marc:subfield code="e">author</marc:subfield>
    </marc:datafield>
    <marc:datafield tag="700" ind1="1" ind2="0">
      <marc:subfield code="a">QUIROGA, Carolina</marc:subfield>
      <marc:subfield code="e">author</marc:subfield>
    </marc:datafield>
    <marc:datafield tag="700" ind1="1" ind2="0">
      <marc:subfield code="a">SÁNCHEZ LLORENS, Mara</marc:subfield>
      <marc:subfield code="e">author</marc:subfield>
    </marc:datafield>
    <marc:datafield tag="245" ind1="0" ind2="0">
      <marc:subfield code="a">El género como categoría de análisis aplicada en la enseñanza universitaria. La experiencia del curso "Arquitectas del Uruguay: un atlas colectivo".</marc:subfield>
    </marc:datafield>
    <marc:datafield tag="260" ind1=" " ind2=" ">
      <marc:subfield code="b">Universidad de Buenos Aires. Facultad de Arquitectura, Diseño y Urbanismo. Instituto de la Espacialidad Humana. Programa GADU, </marc:subfield>
      <marc:subfield code="c">2024-05-22.</marc:subfield>
    </marc:datafield>
    <marc:datafield tag="500" ind1=" " ind2=" ">
      <marc:subfield code="a">https://publicacionescientificas.fadu.uba.ar/index.php/GADU/article/view/2603</marc:subfield>
    </marc:datafield>
    <marc:datafield tag="520" ind1=" " ind2=" ">
      <marc:subfield code="a">La trayectoria de las mujeres que se han desempeñado en arquitectura, ha estado plagada de obstáculos y Uruguay no es la excepción. Si bien la proporción de mujeres en espacios de formación ha ido aumentando, y actualmente a la carrera Arquitectura de FADU-UdelaR ingresan más mujeres que hombres, las condiciones de ejercicio aún distan de ser igualitarias. Asimismo, la cultura arquitectónica se ha enfocado en las figuras masculinas, siendo omisa en nombrar a las mujeres que formaron parte de nuestra historia de la arquitectura. Autoras ausentes en las publicaciones especializadas, en la historiografía, en los cursos de grado y posgrado, y hasta en la nomenclatura recordatoria, son el impulso para construir un espacio de encuentro y reflexión sobre estas cuestiones. El curso "Arquitectas del Uruguay: un atlas colectivo"busca propiciar un encuentro para visibilizar y poner en valor los haceres, los proyectos, estudios y experiencias de vida de las arquitectas del Uruguay. Se aspira a explorar sus estrategias de proyecto ajenas a lo canónico, desde nuevas categorías más transversales. Se plantea una secuencia de acciones diseñadas para visibilizar el trabajo de arquitectas uruguayas, a través de la Academia y las redes, para componer una constelación inspiradora de mujeres del campo de la Arquitectura en un entorno digital organizado para este fin. El curso es una confluencia reflexiva articulada con experiencias locales e internacionales. Por un lado, se apoya y relaciona con la tesis en curso "Señorita Arquitecto", que inicia un estudio de archivo y relevamiento de las arquitectas uruguayas. Por otro, se conecta en red internacional con grupos de mujeres embarcadas en objetivos similares, convocando a participar y poner en juego la expertise de colegas referentes, así como relatos, conocimientos y capacidades de colegas nacionales, para indagar en conjunto y difundir el trabajo de arquitectas en clave local. De esta confluencia, se plantea generar un primer atlas colectivo de arquitectas uruguayas, comenzando por las pioneras, y centrado en el SXX. Un relevamiento colectivo realizado desde una perspectiva de género. Un puzzle en proceso, abierto al aporte, para proyectarnos en conjunto.</marc:subfield>
    </marc:datafield>
    <marc:datafield tag="540" ind1=" " ind2=" ">
      <marc:subfield code="a">Derechos de autor 2024 GADU: Género, Arquitectura, Diseño y Urbanismo</marc:subfield>
    </marc:datafield>
    <marc:datafield tag="546" ind1=" " ind2=" ">
      <marc:subfield code="a">spa</marc:subfield>
    </marc:datafield>
    <marc:datafield tag="690" ind1=" " ind2=" ">
      <marc:subfield code="a">enseñanza universitaria</marc:subfield>
    </marc:datafield>
    <marc:datafield tag="690" ind1=" " ind2=" ">
      <marc:subfield code="a">arquitectas del Uruguay</marc:subfield>
    </marc:datafield>
    <marc:datafield tag="690" ind1=" " ind2=" ">
      <marc:subfield code="a">trayectorias profesionales</marc:subfield>
    </marc:datafield>
    <marc:datafield tag="690" ind1=" " ind2=" ">
      <marc:subfield code="a">categorías de análisis</marc:subfield>
    </marc:datafield>
    <marc:datafield tag="690" ind1=" " ind2=" ">
      <marc:subfield code="a">red internacional</marc:subfield>
    </marc:datafield>
    <marc:datafield tag="655" ind1="7" ind2=" ">
      <marc:subfield code="a">info:eu-repo/semantics/article</marc:subfield>
      <marc:subfield code="2">local</marc:subfield>
    </marc:datafield>
    <marc:datafield tag="655" ind1="7" ind2=" ">
      <marc:subfield code="a">info:eu-repo/semantics/publishedVersion</marc:subfield>
      <marc:subfield code="2">local</marc:subfield>
    </marc:datafield>
    <marc:datafield tag="655" ind1="7" ind2=" ">
      <marc:subfield code="a">info:ar-repo/semantics/articulo</marc:subfield>
      <marc:subfield code="2">local</marc:subfield>
    </marc:datafield>
    <marc:datafield tag="786" ind1="0" ind2=" ">
      <marc:subfield code="n">GADU: Género, Arquitectura, Diseño y Urbanismo; Núm. 001 (2022): Actas GADU 2022</marc:subfield>
    </marc:datafield>
    <marc:datafield tag="787" ind1="0" ind2=" ">
      <marc:subfield code="n">https://publicacionescientificas.fadu.uba.ar/index.php/GADU/article/view/2603/2746</marc:subfield>
    </marc:datafield>
    <marc:datafield tag="856" ind1="4" ind2="1">
      <marc:subfield code="u">https://repositoriouba.sisbi.uba.ar/gsdl/cgi-bin/library.cgi?a=d&amp;c=gadu&amp;d=2603_oai</marc:subfield>
      <marc:subfield code="z">Connect to this object online.</marc:subfield>
    </marc:datafield>
  </marc:record>