
  <marc:record>
    <marc:leader>03651 am a  002653u     </marc:leader>
    <marc:datafield tag="042" ind1=" " ind2=" ">
      <marc:subfield code="a">dc</marc:subfield>
    </marc:datafield>
    <marc:datafield tag="100" ind1="1" ind2="0">
      <marc:subfield code="a">ÁLVAREZ ISIDRO, Eva M. </marc:subfield>
      <marc:subfield code="e">author</marc:subfield>
    </marc:datafield>
    <marc:datafield tag="700" ind1="1" ind2="0">
      <marc:subfield code="a">GÓMEZ ALFONSO, Carlos J. </marc:subfield>
      <marc:subfield code="e">author</marc:subfield>
    </marc:datafield>
    <marc:datafield tag="245" ind1="0" ind2="0">
      <marc:subfield code="a">El aula como espacio de hospitalidad. Desarrollo de la capacidad de participar y colaborar en el ámbito académico</marc:subfield>
    </marc:datafield>
    <marc:datafield tag="260" ind1=" " ind2=" ">
      <marc:subfield code="b">Universidad de Buenos Aires. Facultad de Arquitectura, Diseño y Urbanismo. Instituto de la Espacialidad Humana. Programa GADU, </marc:subfield>
      <marc:subfield code="c">2024-05-21.</marc:subfield>
    </marc:datafield>
    <marc:datafield tag="500" ind1=" " ind2=" ">
      <marc:subfield code="a">https://publicacionescientificas.fadu.uba.ar/index.php/GADU/article/view/2599</marc:subfield>
    </marc:datafield>
    <marc:datafield tag="520" ind1=" " ind2=" ">
      <marc:subfield code="a">Esta ponencia muestra la experiencia del trabajo PIME (Proyecto de Innovación y Mejora Educativa) de un grupo formado por profesorado y estudiantado de la UPV para tratar de mejorar la interacción entre las personas, es decir, hablar, escuchar, conversar. Escuchar, en concreto, comienza a ser una actividad revolucionaria: nadie escucha. Y esta posición de sordera selectiva (en realidad no tan selectiva) tiene sesgos de género: apaga aún más las voces de quienes no pertenecen al grupo de poder, con frecuencia las mujeres, aunque no solo. La capacidad para conversar es una capacidad en declive. Conversar significa escuchar lo que los demás dicen, pensar sobre ello y cambiar de opinión, si así se cree conveniente. El estudiantado y, también el profesorado, prefieren decir lo que tienen que decir y nadie escucha a nadie. A veces, parece, más bien, una partida de ping pong contra una pared, en vez de tratar de llegar juntos a un mejor entendimiento de la situación y procurar un acercamiento de posiciones. Los procesos de aprendizaje estándar establecidos en la universidad, aparentemente, no disponen de suficientes mecanismos para acoger el conocimiento que el estudiantado ya trae a la universidad y tampoco recoge con facilidad sus intereses y expectativas. El estudiantado supone una muestra parcial de la sociedad, pero no por ello, deja de ser una muestra real, que debería interactuar con las estructuras ya establecidas en la universidad. Si la Arquitectura y el Urbanismo deben actuar en las condiciones cambiantes y diversas de la sociedad actual, debe promoverse la capacidad de acoger las opiniones y expectativas diferentes a las propias, después de un proceso de conversación y hospitalidad en el sentido de Derrida. Las mejoras que se pretenden con este PIME E son: La necesidad de comprender que la realidad es heterogénea y compleja, que no existen soluciones únicas. Comprender que los cuerpos y las culturas son diferentes y las expectativas vitales también. Desarrollar procesos de inteligencia colectiva. Comprobar que cuando los problemas complejos se abordan colaborativamente, las soluciones pueden aparecer en procesos inesperados, inicialmente no previstos. Desarrollar procesos de cuidado colectivo. Desarrollar la noción de hospitalidad en el ámbito universitario y profesional.</marc:subfield>
    </marc:datafield>
    <marc:datafield tag="540" ind1=" " ind2=" ">
      <marc:subfield code="a">Derechos de autor 2024 GADU: Género, Arquitectura, Diseño y Urbanismo</marc:subfield>
    </marc:datafield>
    <marc:datafield tag="546" ind1=" " ind2=" ">
      <marc:subfield code="a">spa</marc:subfield>
    </marc:datafield>
    <marc:datafield tag="690" ind1=" " ind2=" ">
      <marc:subfield code="a">Perspectiva de género</marc:subfield>
    </marc:datafield>
    <marc:datafield tag="690" ind1=" " ind2=" ">
      <marc:subfield code="a">hospitalidad</marc:subfield>
    </marc:datafield>
    <marc:datafield tag="690" ind1=" " ind2=" ">
      <marc:subfield code="a">aprendizaje</marc:subfield>
    </marc:datafield>
    <marc:datafield tag="690" ind1=" " ind2=" ">
      <marc:subfield code="a">colaboración</marc:subfield>
    </marc:datafield>
    <marc:datafield tag="690" ind1=" " ind2=" ">
      <marc:subfield code="a">participación</marc:subfield>
    </marc:datafield>
    <marc:datafield tag="655" ind1="7" ind2=" ">
      <marc:subfield code="a">info:eu-repo/semantics/article</marc:subfield>
      <marc:subfield code="2">local</marc:subfield>
    </marc:datafield>
    <marc:datafield tag="655" ind1="7" ind2=" ">
      <marc:subfield code="a">info:eu-repo/semantics/publishedVersion</marc:subfield>
      <marc:subfield code="2">local</marc:subfield>
    </marc:datafield>
    <marc:datafield tag="655" ind1="7" ind2=" ">
      <marc:subfield code="a">info:ar-repo/semantics/articulo</marc:subfield>
      <marc:subfield code="2">local</marc:subfield>
    </marc:datafield>
    <marc:datafield tag="786" ind1="0" ind2=" ">
      <marc:subfield code="n">GADU: Género, Arquitectura, Diseño y Urbanismo; Núm. 001 (2022): Actas GADU 2022</marc:subfield>
    </marc:datafield>
    <marc:datafield tag="787" ind1="0" ind2=" ">
      <marc:subfield code="n">https://publicacionescientificas.fadu.uba.ar/index.php/GADU/article/view/2599/2742</marc:subfield>
    </marc:datafield>
    <marc:datafield tag="856" ind1="4" ind2="1">
      <marc:subfield code="u">https://repositoriouba.sisbi.uba.ar/gsdl/cgi-bin/library.cgi?a=d&amp;c=gadu&amp;d=2599_oai</marc:subfield>
      <marc:subfield code="z">Connect to this object online.</marc:subfield>
    </marc:datafield>
  </marc:record>