
  <marc:record>
    <marc:leader>04014 am a  003253u     </marc:leader>
    <marc:datafield tag="042" ind1=" " ind2=" ">
      <marc:subfield code="a">dc</marc:subfield>
    </marc:datafield>
    <marc:datafield tag="100" ind1="1" ind2="0">
      <marc:subfield code="a">SEGURA, Mariana</marc:subfield>
      <marc:subfield code="e">author</marc:subfield>
    </marc:datafield>
    <marc:datafield tag="700" ind1="1" ind2="0">
      <marc:subfield code="a">FERREYRA, María Clara</marc:subfield>
      <marc:subfield code="e">author</marc:subfield>
    </marc:datafield>
    <marc:datafield tag="700" ind1="1" ind2="0">
      <marc:subfield code="a">OTERO, Iris</marc:subfield>
      <marc:subfield code="e">author</marc:subfield>
    </marc:datafield>
    <marc:datafield tag="700" ind1="1" ind2="0">
      <marc:subfield code="a">BORDENAVE, Alejandra</marc:subfield>
      <marc:subfield code="e">author</marc:subfield>
    </marc:datafield>
    <marc:datafield tag="700" ind1="1" ind2="0">
      <marc:subfield code="a">OLIVEIRA,  Rocío</marc:subfield>
      <marc:subfield code="e">author</marc:subfield>
    </marc:datafield>
    <marc:datafield tag="700" ind1="1" ind2="0">
      <marc:subfield code="a">CIURO, Federica</marc:subfield>
      <marc:subfield code="e">author</marc:subfield>
    </marc:datafield>
    <marc:datafield tag="700" ind1="1" ind2="0">
      <marc:subfield code="a">CHAMORRO, David</marc:subfield>
      <marc:subfield code="e">author</marc:subfield>
    </marc:datafield>
    <marc:datafield tag="245" ind1="0" ind2="0">
      <marc:subfield code="a">Actividad “Mujeres haciendo barrios”. Un recorrido para el reconocimiento social del aporte de las mujeres</marc:subfield>
    </marc:datafield>
    <marc:datafield tag="260" ind1=" " ind2=" ">
      <marc:subfield code="b">Universidad de Buenos Aires. Facultad de Arquitectura, Diseño y Urbanismo. Instituto de la Espacialidad Humana. Programa GADU, </marc:subfield>
      <marc:subfield code="c">2024-05-22.</marc:subfield>
    </marc:datafield>
    <marc:datafield tag="500" ind1=" " ind2=" ">
      <marc:subfield code="a">https://publicacionescientificas.fadu.uba.ar/index.php/GADU/article/view/2609</marc:subfield>
    </marc:datafield>
    <marc:datafield tag="520" ind1=" " ind2=" ">
      <marc:subfield code="a">La creación de los Ministerios Nacional y Provincial de Mujeres, Políticas de Género y Diversidad, pone de manifiesto la importancia que siempre tuvo la temática de género, instalándose en el ámbito gubernamental, en sus máximos estamentos de políticas públicas. A su vez el hábitat y el urbanismo, viene desarrollándose en términos de políticas públicas, con énfasis en el acceso justo al hábitat, pero no desde una perspectiva feminista. El abordaje del cruce entre mujeres y hábitat ha sido explorado en distintos ámbitos. CICSA Ciudades Feministas, desde Córdoba y como parte integrante de la Red Mujer y Hábitat- América Latina y el Caribe, hace 35 años viene trabajando esta temática, a partir de grupos de investigación como también de activismo y espacios de formación. Desde 2016, se viene debatiendo en el Encuentro Nacional de Mujeres que se realiza todos los años en distintas sedes. En el sistema académico ha tenido antecedentes múltiples, aunque todavía no son un campo denso. En los últimos tres años se han multiplicado las experiencias de activismo de urbanismo feminista en distintos ámbitos, que aportó acciones de intervención en el espacio público, como forma de dejar interrogantes a nivel social. En este punto, consideramos que incorporar la perspectiva feminista a las cuestiones de hábitat y urbanismo en políticas públicas es a la vez, necesario y un desafío. En el caso del ámbito de competencia de la Dirección Mejoramiento de Barrios, y como parte de la Subsecretaría de Hábitat de la Comunidad, de la Provincia de Buenos Aires, se diseñó e implementó una actividad de sensibilización en los barrios sobre el cruce mujer y hábitat: “MUJERES HACIENDO BARRIO” La actividad es hoy parte de la caja de herramientas del Programa “Nuestro Barrio tiene proyecto” y trabaja en las interrelaciones de cuatro planos: Hábitat y urbanismo Mujeres y género Estado, políticas públicas y gestión Barrios populares La actividad se desarrolla en articulación con los municipios y las referentes de los barrios populares. Apunta a instalar, debatir, reconocer, recuperar la dimensión de género del barrio a través de un recorrido con estaciones. El recorrido será liderado por las referentas del barrio. En cada una se tomará un aspecto del cruce hábitat y género y se conversará sobre eso. En algunos casos también se hará un mapeo o cartografía social. Es una actividad sociocultural que nos permite a las mujeres repensar nuestros territorios.</marc:subfield>
    </marc:datafield>
    <marc:datafield tag="540" ind1=" " ind2=" ">
      <marc:subfield code="a">Derechos de autor 2024 GADU: Género, Arquitectura, Diseño y Urbanismo</marc:subfield>
    </marc:datafield>
    <marc:datafield tag="546" ind1=" " ind2=" ">
      <marc:subfield code="a">spa</marc:subfield>
    </marc:datafield>
    <marc:datafield tag="690" ind1=" " ind2=" ">
      <marc:subfield code="a">caminata</marc:subfield>
    </marc:datafield>
    <marc:datafield tag="690" ind1=" " ind2=" ">
      <marc:subfield code="a">cuidados</marc:subfield>
    </marc:datafield>
    <marc:datafield tag="690" ind1=" " ind2=" ">
      <marc:subfield code="a">mujeres</marc:subfield>
    </marc:datafield>
    <marc:datafield tag="690" ind1=" " ind2=" ">
      <marc:subfield code="a">reconocimiento</marc:subfield>
    </marc:datafield>
    <marc:datafield tag="690" ind1=" " ind2=" ">
      <marc:subfield code="a">barrios populares</marc:subfield>
    </marc:datafield>
    <marc:datafield tag="655" ind1="7" ind2=" ">
      <marc:subfield code="a">info:eu-repo/semantics/article</marc:subfield>
      <marc:subfield code="2">local</marc:subfield>
    </marc:datafield>
    <marc:datafield tag="655" ind1="7" ind2=" ">
      <marc:subfield code="a">info:eu-repo/semantics/publishedVersion</marc:subfield>
      <marc:subfield code="2">local</marc:subfield>
    </marc:datafield>
    <marc:datafield tag="655" ind1="7" ind2=" ">
      <marc:subfield code="a">info:ar-repo/semantics/articulo</marc:subfield>
      <marc:subfield code="2">local</marc:subfield>
    </marc:datafield>
    <marc:datafield tag="786" ind1="0" ind2=" ">
      <marc:subfield code="n">GADU: Género, Arquitectura, Diseño y Urbanismo; Núm. 001 (2022): Actas GADU 2022</marc:subfield>
    </marc:datafield>
    <marc:datafield tag="787" ind1="0" ind2=" ">
      <marc:subfield code="n">https://publicacionescientificas.fadu.uba.ar/index.php/GADU/article/view/2609/2752</marc:subfield>
    </marc:datafield>
    <marc:datafield tag="856" ind1="4" ind2="1">
      <marc:subfield code="u">https://repositoriouba.sisbi.uba.ar/gsdl/cgi-bin/library.cgi?a=d&amp;c=gadu&amp;d=2609_oai</marc:subfield>
      <marc:subfield code="z">Connect to this object online.</marc:subfield>
    </marc:datafield>
  </marc:record>