
  <marc:record>
    <marc:leader>02421 am a  002533u     </marc:leader>
    <marc:datafield tag="042" ind1=" " ind2=" ">
      <marc:subfield code="a">dc</marc:subfield>
    </marc:datafield>
    <marc:datafield tag="100" ind1="1" ind2="0">
      <marc:subfield code="a">WENGROWICZ, Andrea Roxana</marc:subfield>
      <marc:subfield code="e">author</marc:subfield>
    </marc:datafield>
    <marc:datafield tag="245" ind1="0" ind2="0">
      <marc:subfield code="a">Vínculos entre tecnologías y construcciones sociales desde el diseño</marc:subfield>
    </marc:datafield>
    <marc:datafield tag="260" ind1=" " ind2=" ">
      <marc:subfield code="b">Universidad de Buenos Aires. Facultad de Arquitectura, Diseño y Urbanismo. Instituto de la Espacialidad Humana. Programa GADU, </marc:subfield>
      <marc:subfield code="c">2024-05-21.</marc:subfield>
    </marc:datafield>
    <marc:datafield tag="500" ind1=" " ind2=" ">
      <marc:subfield code="a">https://publicacionescientificas.fadu.uba.ar/index.php/GADU/article/view/2590</marc:subfield>
    </marc:datafield>
    <marc:datafield tag="520" ind1=" " ind2=" ">
      <marc:subfield code="a">El trabajo que estamos realizando para la tesis de doctorado en FADU UBA, trata acerca de las tecnologías como puentes entre los sistemas de representación y de percepción en la didáctica y génesis del proyecto de diseño de productos. En el presente escrito indagaremos y discutiremos algunas cuestiones relacionadas con la perspectiva de diversidad de género y diversidad funcional o discapacidad, desde un enfoque interseccional y reflexionaremos sobre cómo se relacionan con las tecnologías en el diseño industrial. Reconocemos que el diseño puede hacer un gran aporte para promover y generar instancias en donde predomine la igualdad de oportunidades en la vida cotidiana de las personas, a través de los productos que nos rodean. Podría considerarse una variante del diseño social, a la articulación entre género y diseño, apuntando a establecer relaciones de igualdad en la comunidad y a través de la práctica profesional. ¿Se puede pensar en un diseño equitativo e inclusivo, desde una perspectiva de interseccionalidad entre género y discapacidad que considere las características físicas, cognitivas y afectivas de todas las personas para que se adapte a sus condiciones?</marc:subfield>
    </marc:datafield>
    <marc:datafield tag="540" ind1=" " ind2=" ">
      <marc:subfield code="a">Derechos de autor 2024 GADU: Género, Arquitectura, Diseño y Urbanismo</marc:subfield>
    </marc:datafield>
    <marc:datafield tag="546" ind1=" " ind2=" ">
      <marc:subfield code="a">spa</marc:subfield>
    </marc:datafield>
    <marc:datafield tag="690" ind1=" " ind2=" ">
      <marc:subfield code="a">Tecnologías</marc:subfield>
    </marc:datafield>
    <marc:datafield tag="690" ind1=" " ind2=" ">
      <marc:subfield code="a">diseño de productos</marc:subfield>
    </marc:datafield>
    <marc:datafield tag="690" ind1=" " ind2=" ">
      <marc:subfield code="a">diversidad</marc:subfield>
    </marc:datafield>
    <marc:datafield tag="690" ind1=" " ind2=" ">
      <marc:subfield code="a">interseccionalidad</marc:subfield>
    </marc:datafield>
    <marc:datafield tag="690" ind1=" " ind2=" ">
      <marc:subfield code="a">didáctica</marc:subfield>
    </marc:datafield>
    <marc:datafield tag="655" ind1="7" ind2=" ">
      <marc:subfield code="a">info:eu-repo/semantics/article</marc:subfield>
      <marc:subfield code="2">local</marc:subfield>
    </marc:datafield>
    <marc:datafield tag="655" ind1="7" ind2=" ">
      <marc:subfield code="a">info:eu-repo/semantics/publishedVersion</marc:subfield>
      <marc:subfield code="2">local</marc:subfield>
    </marc:datafield>
    <marc:datafield tag="655" ind1="7" ind2=" ">
      <marc:subfield code="a">info:ar-repo/semantics/articulo</marc:subfield>
      <marc:subfield code="2">local</marc:subfield>
    </marc:datafield>
    <marc:datafield tag="786" ind1="0" ind2=" ">
      <marc:subfield code="n">GADU: Género, Arquitectura, Diseño y Urbanismo; Núm. 001 (2022): Actas GADU 2022</marc:subfield>
    </marc:datafield>
    <marc:datafield tag="787" ind1="0" ind2=" ">
      <marc:subfield code="n">https://publicacionescientificas.fadu.uba.ar/index.php/GADU/article/view/2590/2733</marc:subfield>
    </marc:datafield>
    <marc:datafield tag="856" ind1="4" ind2="1">
      <marc:subfield code="u">https://repositoriouba.sisbi.uba.ar/gsdl/cgi-bin/library.cgi?a=d&amp;c=gadu&amp;d=2590_oai</marc:subfield>
      <marc:subfield code="z">Connect to this object online.</marc:subfield>
    </marc:datafield>
  </marc:record>