
  <marc:record>
    <marc:leader>02510 am a  001813u     </marc:leader>
    <marc:datafield tag="042" ind1=" " ind2=" ">
      <marc:subfield code="a">dc</marc:subfield>
    </marc:datafield>
    <marc:datafield tag="100" ind1="1" ind2="0">
      <marc:subfield code="a">Universidad de Buenos Aires. Facultad de Arquitectura, Diseño y Urbanismo. Instituto de la Espacialidad Humana. Programa GADU</marc:subfield>
      <marc:subfield code="e">author</marc:subfield>
    </marc:datafield>
    <marc:datafield tag="245" ind1="0" ind2="0">
      <marc:subfield code="a">Un tejido de identidades</marc:subfield>
    </marc:datafield>
    <marc:datafield tag="260" ind1=" " ind2=" ">
      <marc:subfield code="b">Universidad de Buenos Aires. Facultad de Arquitectura, Diseño y Urbanismo. Instituto de la Espacialidad Humana. Programa GADU, </marc:subfield>
      <marc:subfield code="c">2024-05-22.</marc:subfield>
    </marc:datafield>
    <marc:datafield tag="500" ind1=" " ind2=" ">
      <marc:subfield code="a">https://publicacionescientificas.fadu.uba.ar/index.php/GADU/article/view/2619</marc:subfield>
    </marc:datafield>
    <marc:datafield tag="520" ind1=" " ind2=" ">
      <marc:subfield code="a">Durante el Congreso se presentaron en la sala Simón Feldman de FADU dos programas de cortometrajes curados por el colectivo RABIA. En ellos dialogan trabajos realizados por estudiantes de la carrera de Diseño de Imagen y Sonido de FADU y producciones latinoamericanas que formaron parte de las distintas ediciones del Festival de Cine Latinoamericano RABIA. Estas películas proponen un tejido de identidades que resisten con ternura, contención e incisivo cuestionamiento. Nombrar, sacar el velo y defender la existencia diversa, fluida y desobediente.   Cada programa curado tiene el deseo de que estudiantes de cine, quienes van tejiendo sus primero experimentos audiovisuales y sus primeras búsquedas formales, entren en diálogo con películas que discuten con las formas narrativas hegemónicas, que subvierten en sus puestas en escena las lógicas patriarcales y las extractivistas del audiovisual. Cineastas amateurs, documentalistas, experimentales, performers disidentes, videastas que traen maneras de producir películas con una profunda reflexión política, que se hacen con y para los territorios.   RABIA es un colectivo de cineastas, graduades y estudiantes de la carrera de Diseño de Imagen y Sonido de la UBA. Realizan e investigan películas latinoamericanas rabiosas e irreverentes. Desde el año 2018 producen y dirigen el festival de cine Latinoamericano RABIA en la Facultad de Arquitectura Diseño y Urbanismo (FADU).</marc:subfield>
    </marc:datafield>
    <marc:datafield tag="540" ind1=" " ind2=" ">
      <marc:subfield code="a">Derechos de autor 2024 GADU: Género, Arquitectura, Diseño y Urbanismo</marc:subfield>
    </marc:datafield>
    <marc:datafield tag="546" ind1=" " ind2=" ">
      <marc:subfield code="a">spa</marc:subfield>
    </marc:datafield>
    <marc:datafield tag="655" ind1="7" ind2=" ">
      <marc:subfield code="a">info:eu-repo/semantics/article</marc:subfield>
      <marc:subfield code="2">local</marc:subfield>
    </marc:datafield>
    <marc:datafield tag="655" ind1="7" ind2=" ">
      <marc:subfield code="a">info:eu-repo/semantics/publishedVersion</marc:subfield>
      <marc:subfield code="2">local</marc:subfield>
    </marc:datafield>
    <marc:datafield tag="786" ind1="0" ind2=" ">
      <marc:subfield code="n">GADU: Género, Arquitectura, Diseño y Urbanismo; Núm. 001 (2022): Actas GADU 2022</marc:subfield>
    </marc:datafield>
    <marc:datafield tag="787" ind1="0" ind2=" ">
      <marc:subfield code="n">https://publicacionescientificas.fadu.uba.ar/index.php/GADU/article/view/2619/2762</marc:subfield>
    </marc:datafield>
    <marc:datafield tag="856" ind1="4" ind2="1">
      <marc:subfield code="u">https://repositoriouba.sisbi.uba.ar/gsdl/cgi-bin/library.cgi?a=d&amp;c=gadu&amp;d=2619_oai</marc:subfield>
      <marc:subfield code="z">Connect to this object online.</marc:subfield>
    </marc:datafield>
  </marc:record>